1898 3308
2 0 189 198 f

5 199 51 293 «ᾗ
408 201 502 246 DE
546 184 978 247 REPUBLICA
1026 180 1130 247 vu.
1167 205 1234 247 16.
1427 203 1509 262 σθ

3 325 20 382 >1

114 316 698 386 &finalibus-anteponunt„
735 326 819 368 Sed
847 325 1067 384 quomodo
1097 327 1259 370 affectis
1285 336 1510 386 parentum

115 386 367 451 &sporibus
392 394 634 453 plurimum
667 395 892 453 juventur,
934 394 1010 453 qui
1051 406 1340 452 procreantur,
1375 396 1418 438 in
1458 396 1520 439 iis'

13 483 15 486 ·
69 503 76 508 ,
114 458 310 520 quidem,
331 477 430 522 quae
449 463 504 506 de
519 479 750 522 puerorum
780 463 1042 506 institutione
1071 462 1283 516 dicentur,
1305 465 1510 508 attentius

107 525 163 572 *et
191 528 432 575 accuratius
463 533 543 575 erit
579 532 878 590 disputandum
899 550 910 575 ε
951 547 1067 575 nunc
1106 543 1251 575 autem
1294 533 1389 575 satis
1429 534 1509 576 erit

6 603 54 659 ῥ“
113 596 368 643 adumbrata
396 602 579 659 quadam
614 601 752 644 forma
785 601 940 645 dicere.
1001 602 1115 644 Nam
1149 616 1288 659 neque
1323 602 1507 644 athleta·

3 661 34 711 5
114 674 210 709 rum
242 667 414 712 habitus
446 669 502 713 ad
532 671 687 712 bonam
719 670 907 727 corporis
934 669 1280 712 constitutionem
1302 669 1418 712 civili
1441 671 1507 712 so-

0 694 33 857 }
114 734 260 779 eietati
279 738 623 790 convenientem,
645 753 724 780 nec
747 739 800 781 ad
824 740 978 780 bonam
1003 738 1311 790 valetudinem,
1344 753 1423 781 nec
1454 739 1507 781 ad

112 805 448 860 procreationem
471 806 705 848 liberorum
736 806 853 849 utilis
876 808 932 848 est
952 824 962 849 z
997 822 1136 864 neque
1158 806 1194 849 is
1214 807 1286 864 qui
1309 807 1508 849 remediis

112 879 158 914 et
185 873 627 932 curationibus‘eget‚
659 874 819 933 quique
855 875 975 917 valde
1006 874 1239 917 laboriosus
1271 883 1315 917 et
1344 875 1507 917 morbis

110 940 326 984 exercitus
355 942 429 994 est,
458 942 528 985 sed
565 943 640 1001 qui
673 943 783 986 inter
813 943 893 985 hos
927 942 1172 1001 interjectus
1204 943 1275 985 est.
1341 944 1505 986 Habitu

110 1007 246 1066 igitur
276 1010 463 1069 corporis
499 1012 580 1055 effe
611 1022 781 1069 oportet
813 1011 1030 1055 laboribus
1061 1011 1321 1070 perferendis
1353 1013 1506 1057 durato

110 1079 242 1136 atq'ue
274 1079 517 1132 affuefaao,
551 1081 623 1124 sed
656 1081 881 1124 assuefacto
912 1081 1132 1124 laboribus
1168 1097 1253 1124 non
1290 1081 1504 1135 violentis,

110 1149 251 1205 nequo
269 1147 324 1191 ad
343 1163 478 1192 unum
499 1148 686 1192 laborem
711 1151 959 1202 exercitato,
977 1149 1341 1207 quemadmodum
1364 1150 1505 1194 athle-

111 1218 250 1258 tarum
286 1217 359 1270 est,
381 1216 453 1260 sed
483 1217 537 1260 ad
570 1217 795 1260 hominum
830 1217 1061 1260 liberorum
1090 1217 1294 1260 aetiones.
1356 1219 1505 1277 Atque

110 1283 207 1326 haec
226 1283 279 1327 a‘d
299 1284 411 1328 viros
439 1285 633 1328 {imiliter
649 1296 694 1328 et
715 1285 768 1327 ad
796 1285 996 1328 mulieres
1026 1285 1255 1343 pertinent.
1319 1287 1505 1344 Oportet

108 1360 254 1396 autem
270 1363 314 1396 et
334 1354 533 1397 mulieres
553 1362 825 1412 praegnantes
846 1355 916 1396 seu
936 1353 1134 1412 gravidas
1157 1354 1326 1398 suorum
1349 1371 1501 1414 corpo-

106 1423 382 1465 rumvc'uram
413 1423 584 1473 habere,
605 1437 658 1465 ne
677 1422 845 1464 defidiae
868 1422 909 1465 se
929 1422 1104 1474 dedant,
1127 1437 1266 1480 neque
1294 1423 1504 1467 alimento

108 1502 286 1536 utantur
304 1494 431 1537 nimis
462 1494 580 1537 tenui
609 1503 654 1537 et
683 1494 841 1537 subtili.
902 1495 1049 1552 Atque
1072 1495 1156 1536 hoc
1178 1484 1301 1538 facile
1321 1495 1500 1554 affequi⁴

107 1570 179 1604 tur
197 1562 373 1620 scriptor
395 1563 560 1621 legum,
582 1562 607 1605 fi
630 1563 691 1605 eis
714 1563 794 1605 iter
813 1562 986 1620 aliquod
1009 1563 1309 1621 quotidianum
1334 1565 1385 1606 ad
1408 1565 1501 1607 cul-

107 1639 201 1672 tum
225 1631 630 1688 venerationemque
659 1631 836 1673 deorum
858 1647 1005 1674 eorum
1031 1631 1191 1689 quibus
1214 1633 1322 1675 sorte
1342 1634 1503 1692 obtigit

110 1706 157 1740 ut
177 1699 343 1758 praefint
361 1699 593 1758 gignendis
619 1700 957 1752 animantibus,
948 1700 1182 1759 injunxerit
1200 1716 1250 1744 ac
1272 1702 1449 1744 mandax
1443 1719 1502 1746 e-

108 1767 182 1810 rit.
241 1769 439 1811 Mentem
464 1783 560 1811 vero
583 1784 726 1812 earum
743 1778 922 1825 contra,
946 1779 1073 1827 atque
1103 1785 1297 1828 corpora,
1321 1770 1499 1814 desd1o

91 1824 200 1880 'fitis
208 1836 385 1880 haberi'
374 1853 417 1879 m
441 1836 526 1880 vita
544 1835 743 1896 degenda
764 1838 997 1880 convenit:
1032 1853 1128 1881 nam
1151 1854 1247 1896 quae
1268 1855 1497 1897 procrean-

105 1914 190 1956 tur,
210 1904 348 1948 multa
367 1921 392 1948 a
413 1915 546 1949 matre
566 1906 816 1948 contrahere
838 1916 1100 1948 cernuntur:
1133 1908 1496 1964 quemadmodum

103 1981 149 2016 et
168 1988 265 2032 quae
284 1989 338 2017 ex
357 1979 467 2016 terra
486 1974 728 2026 nascuntur,
750 1989 775 2016 a
794 1985 917 2017 terra.
979 1975 1046 2017 De
1066 1976 1328 2032 exponendis
1350 1988 1496 2020 autem

102 2041 169 2084 vel
201 2041 401 2085 tollendis¹
431 2043 651 2101 partubuS,
670 2042 741 2085 lex
763 2044 864 2094 esto,
888 2043 1046 2101 nequid
1069 2059 1268 2087 mancum
1290 2055 1333 2088 et
1353 2046 1499 2089 debile

99 2109 254 2153 alatur.
315 2111 489 2169 Propter
515 2110 837 2154 multitudinem
863 2121 1005 2154 autem
1039 2112 1287 2166 liberorum,
1310 2129 1364 2157 ne
1396 2115 1495 2172 plu·

99 2193 166 2226 res
187 2179 265 2221 (int
284 2183 413 2238 quam
433 2178 645 2236 expediat,
669 2178 693 2221 fi
714 2179 914 2238 gentium
940 2179 1128 2223 instituta
1147 2191 1191 2223 et
1210 2181 1329 2241 leges
1351 2193 1498 2227 vetent
1524 2192 1526 2194 ’

99 2255 316 2306 procreata
343 2248 528 2305 exponi:
561 2247 784 2290 definitum
819 2248 899 2291 effe
931 2258 1100 2306 oportet
1134 2252 1497 2308 procreandorum

98 2315 333 2359 liberorum
367 2331 609 2359 numerum.
670 2317 803 2361 Quod
824 2317 850 2359 fi
875 2318 1033 2375 quibus
1066 2318 1177 2360 inter
1210 2320 1251 2362 se
1284 2321 1496 2378 copulatis

97 2393 142 2428 et
163 2385 408 2444 congreffis,
431 2385 572 2443 plures
591 2385 715 2428 liberi
744 2401 872 2442 quarn
903 2378 1127 2428 definitum
1166 2388 1232 2439 sit,¹
1251 2389 1493 2444 nascantur5

97 2452 214 2511 prius
233 2468 362 2511 quam
385 2452 522 2496 sensus
542 2463 586 2496 et
607 2453 693 2496 vita
713 2454 930 2506 inseratur,
951 2456 1126 2498 abortus
1147 2457 1204 2498 est
1225 2456 1348 2501 foetui
1380 2459 1493 2502 infe-1

98 2524 270 2566 rendus.
330 2523 453 2566 Quid
484 2523 598 2566 enim
636 2524 755 2581 pium
791 2538 840 2565 ac
869 2523 1116 2581 religiosum
1150 2525 1212 2578 fit,
1245 2527 1351 2584 quid
1386 2543 1498 2581 non,-.

97 2588 214 2636 sensu
234 2601 280 2636 et
302 2592 390 2635 vita
408 2589 772 2650 circumscriptum
794 2607 843 2635 ac
863 2592 1088 2635 definitum
1111 2594 1208 2637 erit.
1271 2596 1614 2643 Quoniam·3oo

96 2668 242 2704 autem
277 2661 418 2703 aetatis
455 2660 629 2703 initium
665 2661 757 2703 viro
795 2670 840 2702 et
879 2661 1018 2714 uxori,
1053 2663 1228 2720 quando
1262 2664 1500 2710 conciliare

96 2729 443 2788 conjnnfflonem
467 2730 701 2788 nuptialem
723 2729 909 2786 incipere
929 2740 1137 2788 oporteat,
1161 2732 1384 2777 definitum
1406 2736 1463 2778 est
1479 2753 1503 2779 =›

94 2797 226 2840 etiam
251 2798 340 2841 ‘hoc
371 2798 596 2841 definitum
629 2799 676 2840 fit
705 2797 913 2855 quamdiu
940 2798 1087 2842 liberis
1117 2801 1388 2857 procreandis
1417 2819 1502 2847 eos·

95 2871 267 2924 operam
297 2866 397 2910 dare
427 2867 668 2910 conveniat.
731 2867 846 2909 Nam
881 2875 930 2910 ut
953 2867 1195 2926 juniorum,
1216 2869 1275 2912 ita
1295 2880 1340 2914 et
1358 2886 1500 2929 gran--

730 2949 758 2977 T
780 2945 795 2977 t
820 2947 843 2980 2

0 3214 24 3308 rex*
