<?xml version="1.0" encoding="UTF-8"?>
<!DOCTYPE html PUBLIC "-//W3C//DTD XHTML 1.0 Transitional//EN"
    "http://www.w3.org/TR/xhtml1/DTD/xhtml1-transitional.dtd">
<html xmlns="http://www.w3.org/1999/xhtml" xml:lang="en" lang="en">
 <head>
  <title>
</title>
<meta http-equiv="Content-Type" content="text/html;charset=utf-8" />
  <meta name='ocr-system' content='tesseract 3.04.00' />
  <meta name='ocr-capabilities' content='ocr_page ocr_carea ocr_par ocr_line ocrx_word'/>
</head>
<body>
  <div class='ocr_page' id='page_1' title='image "./politicagreeklat02arisuoft_0448.png"; bbox 0 0 1898 3308; ppageno 0'>
   <div class='ocr_carea' id='block_1_1' title="bbox 221 583 293 625">
    <p class='ocr_par' dir='ltr' id='par_1_1' title="bbox 221 583 293 625">
     <span class='ocr_line' id='line_1_1' title="bbox 221 583 293 625; baseline 0.014 -2"><span class='ocrx_word' id='word_1_1' title='bbox 221 583 293 625; x_wconf 78' lang='lat' dir='ltr'><strong>lv.</strong></span> 
     </span>
    </p>
   </div>
   <div class='ocr_carea' id='block_1_2' title="bbox 438 146 1471 233">
    <p class='ocr_par' dir='ltr' id='par_1_2' title="bbox 438 146 1471 233">
     <span class='ocr_line' id='line_1_2' title="bbox 438 146 1471 233; baseline 0.006 -13"><span class='ocrx_word' id='word_1_2' title='bbox 438 173 523 233; x_wconf 66' lang='lat'><strong>67*</strong></span> <span class='ocrx_word' id='word_1_3' title='bbox 874 177 1378 225; x_wconf 67' lang='lat' dir='ltr'><strong>Ams‘ro‘rnms</strong></span> <span class='ocrx_word' id='word_1_4' title='bbox 1427 188 1431 192; x_wconf 46' lang='lat'><strong>⁴</strong></span> <span class='ocrx_word' id='word_1_5' title='bbox 1468 146 1471 148; x_wconf 10' lang='grc' dir='ltr'><strong>Α</strong></span> 
     </span>
    </p>
   </div>
   <div class='ocr_carea' id='block_1_3' title="bbox 1743 0 1898 281">
    <p class='ocr_par' dir='ltr' id='par_1_3' title="bbox 1743 0 1898 281">
     <span class='ocr_line' id='line_1_3' title="bbox 1743 0 1898 281; baseline 0 3027"><span class='ocrx_word' id='word_1_6' title='bbox 1743 0 1898 281; x_wconf 95' lang='lat' dir='ltr'><strong> </strong></span> 
     </span>
    </p>
   </div>
   <div class='ocr_carea' id='block_1_4' title="bbox 435 287 1898 428">
    <p class='ocr_par' dir='ltr' id='par_1_4' title="bbox 435 283 1898 428">
     <span class='ocr_line' id='line_1_4' title="bbox 436 287 1898 364; baseline 0.006 -22"><span class='ocrx_word' id='word_1_7' title='bbox 436 299 605 353; x_wconf 85' lang='lat' dir='ltr'><strong>attinet,</strong></span> <span class='ocrx_word' id='word_1_8' title='bbox 627 307 675 344; x_wconf 90' lang='lat' dir='ltr'><strong>ut</strong></span> <span class='ocrx_word' id='word_1_9' title='bbox 695 301 743 344; x_wconf 88' lang='lat' dir='ltr'><strong>fit</strong></span> <span class='ocrx_word' id='word_1_10' title='bbox 760 300 915 344; x_wconf 89' lang='lat' dir='ltr'><strong>horum</strong></span> <span class='ocrx_word' id='word_1_11' title='bbox 933 309 1052 345; x_wconf 84' lang='lat' dir='ltr'><strong>ortus</strong></span> <span class='ocrx_word' id='word_1_12' title='bbox 1070 303 1325 356; x_wconf 87' lang='lat' dir='ltr'><strong>communis,</strong></span> <span class='ocrx_word' id='word_1_13' title='bbox 1344 303 1507 347; x_wconf 85' lang='lat' dir='ltr'><strong>utilitas</strong></span> <span class='ocrx_word' id='word_1_14' title='bbox 1526 287 1670 349; x_wconf 61' lang='lat' dir='ltr'><strong>autem</strong></span> <span class='ocrx_word' id='word_1_15' title='bbox 1688 308 1819 364; x_wconf 64' lang='grc' dir='ltr'><strong>μω·</strong></span> <span class='ocrx_word' id='word_1_16' title='bbox 1892 298 1898 311; x_wconf 72' lang='grc'>’</span> 
     </span>
     <span class='ocr_line' id='line_1_5' title="bbox 435 366 1593 428; baseline 0.005 -18"><span class='ocrx_word' id='word_1_17' title='bbox 435 366 567 412; x_wconf 87' lang='lat' dir='ltr'><strong>liaris.</strong></span> <span class='ocrx_word' id='word_1_18' title='bbox 625 368 770 428; x_wconf 84' lang='lat' dir='ltr'><strong>Hujus</strong></span> <span class='ocrx_word' id='word_1_19' title='bbox 787 369 902 413; x_wconf 87' lang='lat' dir='ltr'><strong>enim</strong></span> <span class='ocrx_word' id='word_1_20' title='bbox 923 371 980 413; x_wconf 86' lang='lat' dir='ltr'><strong>est</strong></span> <span class='ocrx_word' id='word_1_21' title='bbox 998 370 1214 424; x_wconf 78' lang='lat' dir='ltr'><strong>educatio,</strong></span> <span class='ocrx_word' id='word_1_22' title='bbox 1235 371 1350 416; x_wconf 84' lang='lat' dir='ltr'><strong>illius</strong></span> <span class='ocrx_word' id='word_1_23' title='bbox 1370 372 1593 416; x_wconf 80' lang='lat' dir='ltr'><strong>institutio.</strong></span> 
     </span>
    </p>
   </div>
   <div class='ocr_carea' id='block_1_5' title="bbox 985 485 1300 623">
    <p class='ocr_par' dir='ltr' id='par_1_5' title="bbox 985 485 1300 623">
     <span class='ocr_line' id='line_1_6' title="bbox 1010 485 1218 509; baseline 0 0"><span class='ocrx_word' id='word_1_24' title='bbox 1010 485 1218 509; x_wconf 48' lang='lat'><strong>*-</strong></span> 
     </span>
     <span class='ocr_line' id='line_1_7' title="bbox 985 579 1300 623; baseline 0.003 -2"><span class='ocrx_word' id='word_1_25' title='bbox 985 579 1080 621; x_wconf 86' lang='lat' dir='ltr'><strong>CA</strong></span> <span class='ocrx_word' id='word_1_26' title='bbox 1096 580 1140 622; x_wconf 90' lang='lat' dir='ltr'><strong>P.</strong></span> <span class='ocrx_word' id='word_1_27' title='bbox 1189 580 1270 623; x_wconf 80' lang='lat' dir='ltr'><strong>IV.</strong></span> <span class='ocrx_word' id='word_1_28' title='bbox 1297 612 1300 615; x_wconf 74' lang='lat'><em>-</em></span> 
     </span>
    </p>
   </div>
   <div class='ocr_carea' id='block_1_6' title="bbox 679 679 1636 752">
    <p class='ocr_par' dir='ltr' id='par_1_6' title="bbox 679 679 1636 752">
     <span class='ocr_line' id='line_1_8' title="bbox 679 679 1636 752; baseline 0.006 -19"><span class='ocrx_word' id='word_1_29' title='bbox 679 689 888 749; x_wconf 80' lang='lat' dir='ltr'><strong>Praecepta</strong></span> <span class='ocrx_word' id='word_1_30' title='bbox 906 693 1049 736; x_wconf 84' lang='lat' dir='ltr'><strong>marito</strong></span> <span class='ocrx_word' id='word_1_31' title='bbox 1069 710 1167 752; x_wconf 81' lang='lat' dir='ltr'><strong>erga</strong></span> <span class='ocrx_word' id='word_1_32' title='bbox 1185 679 1636 752; x_wconf 53' lang='lat' dir='ltr'><strong>uxorebzservandaae·</strong></span> 
     </span>
    </p>
   </div>
   <div class='ocr_carea' id='block_1_7' title="bbox 426 777 1898 1793">
    <p class='ocr_par' dir='ltr' id='par_1_7' title="bbox 426 777 1898 1571">
     <span class='ocr_line' id='line_1_9' title="bbox 489 777 1816 842; baseline 0.002 -18"><span class='ocrx_word' id='word_1_33' title='bbox 489 782 740 825; x_wconf 91' lang='lat' dir='ltr'>PRIMUM</span> <span class='ocrx_word' id='word_1_34' title='bbox 773 783 906 841; x_wconf 86' lang='lat' dir='ltr'><strong>igitur</strong></span> <span class='ocrx_word' id='word_1_35' title='bbox 934 783 1104 842; x_wconf 85' lang='lat' dir='ltr'><strong>legibus</strong></span> <span class='ocrx_word' id='word_1_36' title='bbox 1134 784 1422 827; x_wconf 86' lang='lat' dir='ltr'><strong>defenduntur</strong></span> <span class='ocrx_word' id='word_1_37' title='bbox 1440 777 1816 842; x_wconf 49' lang='lat' dir='ltr'><strong>uxoreaffififiuo</strong></span> 
     </span>
     <span class='ocr_line' id='line_1_10' title="bbox 431 847 1818 909; baseline 0.003 -19"><span class='ocrx_word' id='word_1_38' title='bbox 431 847 495 890; x_wconf 88' lang='lat' dir='ltr'><strong>ria</strong></span> <span class='ocrx_word' id='word_1_39' title='bbox 514 849 598 891; x_wconf 88' lang='lat' dir='ltr'><strong>illis</strong></span> <span class='ocrx_word' id='word_1_40' title='bbox 618 849 838 892; x_wconf 86' lang='lat' dir='ltr'><strong>inferatur.</strong></span> <span class='ocrx_word' id='word_1_41' title='bbox 899 850 971 893; x_wconf 87' lang='lat' dir='ltr'><strong>Sic</strong></span> <span class='ocrx_word' id='word_1_42' title='bbox 991 850 1103 893; x_wconf 88' lang='lat' dir='ltr'><strong>enim</strong></span> <span class='ocrx_word' id='word_1_43' title='bbox 1126 851 1211 909; x_wconf 83' lang='lat' dir='ltr'><strong>ipse</strong></span> <span class='ocrx_word' id='word_1_44' title='bbox 1231 848 1409 894; x_wconf 84' lang='lat' dir='ltr'><strong>maritus</strong></span> <span class='ocrx_word' id='word_1_45' title='bbox 1439 864 1622 909; x_wconf 76' lang='lat' dir='ltr'><strong>quoquo</strong></span> <span class='ocrx_word' id='word_1_46' title='bbox 1637 848 1818 895; x_wconf 54' lang='lat' dir='ltr'><strong>minime</strong></span> 
     </span>
     <span class='ocr_line' id='line_1_11' title="bbox 433 915 1814 974; baseline 0.003 -17"><span class='ocrx_word' id='word_1_47' title='bbox 433 915 640 958; x_wconf 87' lang='lat' dir='ltr'><strong>afficietur</strong></span> <span class='ocrx_word' id='word_1_48' title='bbox 686 915 855 974; x_wconf 89' lang='lat' dir='ltr'><strong>injuria.</strong></span> <span class='ocrx_word' id='word_1_49' title='bbox 915 918 1015 960; x_wconf 92' lang='lat' dir='ltr'><strong>Hoc</strong></span> <span class='ocrx_word' id='word_1_50' title='bbox 1053 917 1183 960; x_wconf 88' lang='lat' dir='ltr'><strong>etiam</strong></span> <span class='ocrx_word' id='word_1_51' title='bbox 1225 917 1298 961; x_wconf 83' lang='lat' dir='ltr'><strong>lex</strong></span> <span class='ocrx_word' id='word_1_52' title='bbox 1342 917 1585 961; x_wconf 76' lang='lat' dir='ltr'><strong>communis</strong></span> <span class='ocrx_word' id='word_1_53' title='bbox 1620 915 1814 972; x_wconf 73' lang='lat' dir='ltr'><strong>deducit,</strong></span> 
     </span>
     <span class='ocr_line' id='line_1_12' title="bbox 432 982 1818 1045; baseline 0.003 -20"><span class='ocrx_word' id='word_1_54' title='bbox 432 985 798 1041; x_wconf 87' lang='lat' dir='ltr'><strong>quemadmodum</strong></span> <span class='ocrx_word' id='word_1_55' title='bbox 839 986 1114 1045; x_wconf 78' lang='lat' dir='ltr'><strong>Pythagorici</strong></span> <span class='ocrx_word' id='word_1_56' title='bbox 1151 987 1300 1030; x_wconf 87' lang='lat' dir='ltr'><strong>aiunt:</strong></span> <span class='ocrx_word' id='word_1_57' title='bbox 1343 987 1533 1030; x_wconf 83' lang='lat' dir='ltr'><strong>Omnem</strong></span> <span class='ocrx_word' id='word_1_58' title='bbox 1564 982 1737 1045; x_wconf 71' lang='lat' dir='ltr'><strong>injmiae</strong></span> <span class='ocrx_word' id='word_1_59' title='bbox 1771 994 1818 1037; x_wconf 69' lang='lat' dir='ltr'><strong>et</strong></span> 
     </span>
     <span class='ocr_line' id='line_1_13' title="bbox 430 1052 1815 1112; baseline 0.001 -18"><span class='ocrx_word' id='word_1_60' title='bbox 430 1052 646 1095; x_wconf 85' lang='lat' dir='ltr'><strong>violentiae</strong></span> <span class='ocrx_word' id='word_1_61' title='bbox 665 1053 909 1110; x_wconf 82' lang='lat' dir='ltr'><strong>opinionem</strong></span> <span class='ocrx_word' id='word_1_62' title='bbox 930 1054 1065 1097; x_wconf 83' lang='lat' dir='ltr'><strong>abeffe</strong></span> <span class='ocrx_word' id='word_1_63' title='bbox 1084 1054 1242 1098; x_wconf 90' lang='lat' dir='ltr'><strong>debere</strong></span> <span class='ocrx_word' id='word_1_64' title='bbox 1261 1055 1315 1098; x_wconf 92' lang='lat' dir='ltr'><strong>ab</strong></span> <span class='ocrx_word' id='word_1_65' title='bbox 1335 1069 1385 1098; x_wconf 86' lang='lat' dir='ltr'><strong>ea</strong></span> <span class='ocrx_word' id='word_1_66' title='bbox 1403 1068 1501 1112; x_wconf 80' lang='lat' dir='ltr'><strong>quae</strong></span> <span class='ocrx_word' id='word_1_67' title='bbox 1526 1053 1815 1112; x_wconf 57' lang='lat' dir='ltr'><strong>suppii‘cirin-</strong></span> 
     </span>
     <span class='ocr_line' id='line_1_14' title="bbox 430 1114 1816 1180; baseline 0.002 -18"><span class='ocrx_word' id='word_1_68' title='bbox 430 1120 509 1162; x_wconf 86' lang='lat' dir='ltr'><strong>star</strong></span> <span class='ocrx_word' id='word_1_69' title='bbox 538 1120 601 1174; x_wconf 87' lang='lat' dir='ltr'><strong>fit,</strong></span> <span class='ocrx_word' id='word_1_70' title='bbox 632 1129 676 1164; x_wconf 89' lang='lat' dir='ltr'><strong>et</strong></span> <span class='ocrx_word' id='word_1_71' title='bbox 704 1130 910 1179; x_wconf 82' lang='lat' dir='ltr'><strong>tanquam</strong></span> <span class='ocrx_word' id='word_1_72' title='bbox 939 1137 965 1165; x_wconf 93' lang='lat' dir='ltr'><strong>a</strong></span> <span class='ocrx_word' id='word_1_73' title='bbox 992 1122 1090 1165; x_wconf 90' lang='lat' dir='ltr'><strong>foco</strong></span> <span class='ocrx_word' id='word_1_74' title='bbox 1121 1122 1318 1166; x_wconf 62' lang='lat' dir='ltr'><strong>deducta.</strong></span> <span class='ocrx_word' id='word_1_75' title='bbox 1378 1114 1622 1166; x_wconf 70' lang='lat' dir='ltr'><strong>Est‘auoem</strong></span> <span class='ocrx_word' id='word_1_76' title='bbox 1646 1118 1816 1180; x_wconf 73' lang='lat' dir='ltr'><strong>injuria,</strong></span> 
     </span>
     <span class='ocr_line' id='line_1_15' title="bbox 430 1185 1818 1246; baseline 0.002 -15"><span class='ocrx_word' id='word_1_77' title='bbox 430 1203 561 1246; x_wconf 88' lang='lat' dir='ltr'><strong>quam</strong></span> <span class='ocrx_word' id='word_1_78' title='bbox 580 1190 686 1232; x_wconf 72' lang='lat' dir='ltr'><strong>tacit</strong></span> <span class='ocrx_word' id='word_1_79' title='bbox 706 1191 899 1244; x_wconf 85' lang='lat' dir='ltr'><strong>maritus,</strong></span> <span class='ocrx_word' id='word_1_80' title='bbox 920 1190 964 1233; x_wconf 91' lang='lat' dir='ltr'><strong>in</strong></span> <span class='ocrx_word' id='word_1_81' title='bbox 988 1185 1296 1234; x_wconf 84' lang='lat' dir='ltr'><strong>consuetudine</strong></span> <span class='ocrx_word' id='word_1_82' title='bbox 1326 1205 1427 1234; x_wconf 90' lang='lat' dir='ltr'><strong>cum</strong></span> <span class='ocrx_word' id='word_1_83' title='bbox 1458 1189 1684 1240; x_wconf 76' lang='lat' dir='ltr'><strong>extraneis.</strong></span> <span class='ocrx_word' id='word_1_84' title='bbox 1723 1185 1818 1234; x_wconf 70' lang='lat' dir='ltr'><strong>*Ad</strong></span> 
     </span>
     <span class='ocr_line' id='line_1_16' title="bbox 428 1253 1817 1316; baseline 0.001 -17"><span class='ocrx_word' id='word_1_85' title='bbox 428 1256 553 1299; x_wconf 89' lang='lat' dir='ltr'><strong>usum</strong></span> <span class='ocrx_word' id='word_1_86' title='bbox 574 1271 674 1300; x_wconf 84' lang='lat' dir='ltr'><strong>vero</strong></span> <span class='ocrx_word' id='word_1_87' title='bbox 695 1258 1046 1316; x_wconf 80' lang='lat' dir='ltr'><strong>congreffumque</strong></span> <span class='ocrx_word' id='word_1_88' title='bbox 1067 1259 1183 1316; x_wconf 91' lang='lat' dir='ltr'><strong>quod</strong></span> <span class='ocrx_word' id='word_1_89' title='bbox 1206 1259 1374 1311; x_wconf 85' lang='lat' dir='ltr'><strong>attinet,</strong></span> <span class='ocrx_word' id='word_1_90' title='bbox 1395 1271 1450 1301; x_wconf 89' lang='lat' dir='ltr'><strong>ne</strong></span> <span class='ocrx_word' id='word_1_91' title='bbox 1469 1258 1544 1301; x_wconf 83' lang='lat' dir='ltr'><strong>ille</strong></span> <span class='ocrx_word' id='word_1_92' title='bbox 1559 1253 1817 1301; x_wconf 67' lang='lat' dir='ltr'><strong>defide&#39;retur</strong></span> 
     </span>
     <span class='ocr_line' id='line_1_17' title="bbox 427 1323 1815 1384; baseline 0.001 -18"><span class='ocrx_word' id='word_1_93' title='bbox 427 1325 709 1381; x_wconf 79' lang='lat' dir='ltr'><strong>praestandum</strong></span> <span class='ocrx_word' id='word_1_94' title='bbox 740 1327 813 1378; x_wconf 85' lang='lat' dir='ltr'><strong>est,</strong></span> <span class='ocrx_word' id='word_1_95' title='bbox 845 1341 931 1369; x_wconf 87' lang='lat' dir='ltr'><strong>neu</strong></span> <span class='ocrx_word' id='word_1_96' title='bbox 957 1336 1128 1384; x_wconf 91' lang='lat' dir='ltr'><strong>propter</strong></span> <span class='ocrx_word' id='word_1_97' title='bbox 1157 1327 1388 1369; x_wconf 84' lang='lat' dir='ltr'><strong>absentiam</strong></span> <span class='ocrx_word' id='word_1_98' title='bbox 1415 1326 1550 1384; x_wconf 76' lang='lat' dir='ltr'><strong>quieti</strong></span> <span class='ocrx_word' id='word_1_99' title='bbox 1568 1323 1815 1369; x_wconf 67' lang='lat' dir='ltr'><strong>-loeus&#39;non</strong></span> 
     </span>
     <span class='ocr_line' id='line_1_18' title="bbox 428 1390 1814 1452; baseline 0.002 -18"><span class='ocrx_word' id='word_1_100' title='bbox 428 1391 492 1436; x_wconf 84' lang='lat' dir='ltr'><strong>fit.</strong></span> <span class='ocrx_word' id='word_1_101' title='bbox 553 1393 637 1436; x_wconf 92' lang='lat' dir='ltr'><strong>Sed</strong></span> <span class='ocrx_word' id='word_1_102' title='bbox 658 1394 922 1437; x_wconf 80' lang='lat' dir='ltr'><strong>affuescendo</strong></span> <span class='ocrx_word' id='word_1_103' title='bbox 948 1394 1242 1438; x_wconf 87' lang='lat' dir='ltr'><strong>conciliabitur</strong></span> <span class='ocrx_word' id='word_1_104' title='bbox 1261 1395 1377 1452; x_wconf 90' lang='lat' dir='ltr'><strong>quod</strong></span> <span class='ocrx_word' id='word_1_105' title='bbox 1397 1395 1494 1437; x_wconf 85' lang='lat' dir='ltr'><strong>satis</strong></span> <span class='ocrx_word' id='word_1_106' title='bbox 1523 1394 1571 1436; x_wconf 84' lang='lat' dir='ltr'><strong>fit</strong></span> <span class='ocrx_word' id='word_1_107' title='bbox 1597 1390 1814 1452; x_wconf 53' lang='lat' dir='ltr'><strong>paesenti-</strong></span> 
     </span>
     <span class='ocr_line' id='line_1_19' title="bbox 426 1460 1898 1520; baseline 0.001 -16"><span class='ocrx_word' id='word_1_108' title='bbox 426 1460 510 1504; x_wconf 86' lang='lat' dir='ltr'><strong>bus</strong></span> <span class='ocrx_word' id='word_1_109' title='bbox 530 1469 575 1504; x_wconf 91' lang='lat' dir='ltr'><strong>et</strong></span> <span class='ocrx_word' id='word_1_110' title='bbox 595 1462 854 1506; x_wconf 84' lang='lat' dir='ltr'><strong>absentibus.</strong></span> <span class='ocrx_word' id='word_1_111' title='bbox 915 1462 1117 1505; x_wconf 79' lang='lat' dir='ltr'><strong>Praeclare</strong></span> <span class='ocrx_word' id='word_1_112' title='bbox 1145 1471 1288 1506; x_wconf 87' lang='lat' dir='ltr'><strong>autem</strong></span> <span class='ocrx_word' id='word_1_113' title='bbox 1319 1462 1360 1506; x_wconf 86' lang='lat' dir='ltr'><strong>se</strong></span> <span class='ocrx_word' id='word_1_114' title='bbox 1390 1462 1521 1505; x_wconf 86' lang='lat' dir='ltr'><strong>habet</strong></span> <span class='ocrx_word' id='word_1_115' title='bbox 1540 1472 1586 1505; x_wconf 88' lang='lat' dir='ltr'><strong>et</strong></span> <span class='ocrx_word' id='word_1_116' title='bbox 1605 1460 1690 1505; x_wconf 82' lang='lat' dir='ltr'><strong>hoc</strong></span> <span class='ocrx_word' id='word_1_117' title='bbox 1718 1460 1814 1505; x_wconf 59' lang='lat' dir='ltr'><strong>He*</strong></span> <span class='ocrx_word' id='word_1_118' title='bbox 1848 1491 1850 1493; x_wconf 66' lang='grc'><em>»</em></span> <span class='ocrx_word' id='word_1_119' title='bbox 1895 1518 1898 1520; x_wconf 32' lang='grc'>-</span> 
     </span>
     <span class='ocr_line' id='line_1_20' title="bbox 428 1528 1386 1572; baseline 0.003 -2"><span class='ocrx_word' id='word_1_120' title='bbox 428 1528 559 1572; x_wconf 80' lang='lat' dir='ltr'><strong>fiodi:</strong></span> <span class='ocrx_word' id='word_1_121' title='bbox 1384 1548 1386 1550; x_wconf 84' lang='lat'>·</span> 
     </span>
    </p>

    <p class='ocr_par' dir='ltr' id='par_1_8' title="bbox 426 1596 1812 1793">
     <span class='ocr_line' id='line_1_21' title="bbox 545 1596 1602 1675; baseline 0 -36"><span class='ocrx_word' id='word_1_122' title='bbox 545 1597 682 1656; x_wconf 82' lang='lat' dir='ltr'><strong>Sitque</strong></span> <span class='ocrx_word' id='word_1_123' title='bbox 700 1614 815 1651; x_wconf 81' lang='lat' dir='ltr'><strong>uxor,</strong></span> <span class='ocrx_word' id='word_1_124' title='bbox 835 1613 958 1641; x_wconf 79' lang='lat' dir='ltr'><strong>mores</strong></span> <span class='ocrx_word' id='word_1_125' title='bbox 979 1613 1066 1657; x_wconf 82' lang='lat' dir='ltr'><strong>quae</strong></span> <span class='ocrx_word' id='word_1_126' title='bbox 1085 1598 1128 1640; x_wconf 88' lang='lat' dir='ltr'><strong>d</strong></span> <span class='ocrx_word' id='word_1_127' title='bbox 1114 1598 1226 1655; x_wconf 82' lang='lat' dir='ltr'><strong>scat</strong></span> <span class='ocrx_word' id='word_1_128' title='bbox 1243 1598 1377 1656; x_wconf 75' lang='lat' dir='ltr'><strong>virgO,</strong></span> <span class='ocrx_word' id='word_1_129' title='bbox 1391 1596 1602 1675; x_wconf 49' lang='lat' dir='ltr'><strong>probator.</strong></span> 
     </span>
     <span class='ocr_line' id='line_1_22' title="bbox 426 1663 1812 1711; baseline 0.001 -4"><span class='ocrx_word' id='word_1_130' title='bbox 426 1665 546 1708; x_wconf 85' lang='lat' dir='ltr'><strong>Nam</strong></span> <span class='ocrx_word' id='word_1_131' title='bbox 580 1682 749 1710; x_wconf 90' lang='lat' dir='ltr'><strong>morum</strong></span> <span class='ocrx_word' id='word_1_132' title='bbox 785 1667 1077 1711; x_wconf 85' lang='lat' dir='ltr'><strong>diffimilitudo</strong></span> <span class='ocrx_word' id='word_1_133' title='bbox 1112 1667 1288 1710; x_wconf 88' lang='lat' dir='ltr'><strong>minime</strong></span> <span class='ocrx_word' id='word_1_134' title='bbox 1323 1663 1380 1709; x_wconf 87' lang='lat' dir='ltr'><strong>est</strong></span> <span class='ocrx_word' id='word_1_135' title='bbox 1414 1665 1572 1709; x_wconf 85' lang='lat' dir='ltr'><strong>amoris</strong></span> <span class='ocrx_word' id='word_1_136' title='bbox 1604 1663 1812 1709; x_wconf 73' lang='lat' dir='ltr'><strong>efficiens.</strong></span> 
     </span>
     <span class='ocr_line' id='line_1_23' title="bbox 426 1733 1812 1793; baseline 0 -17"><span class='ocrx_word' id='word_1_137' title='bbox 426 1733 497 1776; x_wconf 88' lang='lat' dir='ltr'><strong>De</strong></span> <span class='ocrx_word' id='word_1_138' title='bbox 516 1744 667 1778; x_wconf 86' lang='lat' dir='ltr'><strong>ornatu</strong></span> <span class='ocrx_word' id='word_1_139' title='bbox 687 1735 771 1779; x_wconf 88' lang='lat' dir='ltr'><strong>hoc</strong></span> <span class='ocrx_word' id='word_1_140' title='bbox 790 1736 988 1789; x_wconf 82' lang='lat' dir='ltr'><strong>servetur,</strong></span> <span class='ocrx_word' id='word_1_141' title='bbox 1008 1744 1058 1778; x_wconf 91' lang='lat' dir='ltr'><strong>ut</strong></span> <span class='ocrx_word' id='word_1_142' title='bbox 1079 1734 1442 1793; x_wconf 84' lang='lat' dir='ltr'><strong>quemadmodum</strong></span> <span class='ocrx_word' id='word_1_143' title='bbox 1472 1733 1646 1792; x_wconf 85' lang='lat' dir='ltr'><strong>ineptiae</strong></span> <span class='ocrx_word' id='word_1_144' title='bbox 1665 1733 1812 1776; x_wconf 79' lang='lat' dir='ltr'><strong>osten·</strong></span> 
     </span>
    </p>
   </div>
   <div class='ocr_carea' id='block_1_8' title="bbox 425 1799 1810 1860">
    <p class='ocr_par' dir='ltr' id='par_1_9' title="bbox 425 1787 1898 1860">
     <span class='ocr_line' id='line_1_24' title="bbox 425 1799 1810 1860; baseline 0.001 -17"><span class='ocrx_word' id='word_1_145' title='bbox 425 1801 639 1844; x_wconf 83' lang='lat' dir='ltr'><strong>tationum</strong></span> <span class='ocrx_word' id='word_1_146' title='bbox 671 1802 715 1844; x_wconf 92' lang='lat' dir='ltr'><strong>in</strong></span> <span class='ocrx_word' id='word_1_147' title='bbox 748 1804 953 1855; x_wconf 88' lang='lat' dir='ltr'><strong>moribus,</strong></span> <span class='ocrx_word' id='word_1_148' title='bbox 985 1804 1045 1845; x_wconf 87' lang='lat' dir='ltr'><strong>ita</strong></span> <span class='ocrx_word' id='word_1_149' title='bbox 1072 1817 1247 1860; x_wconf 84' lang='lat' dir='ltr'><strong>corpore</strong></span> <span class='ocrx_word' id='word_1_150' title='bbox 1275 1814 1448 1860; x_wconf 91' lang='lat' dir='ltr'><strong>quoque</strong></span> <span class='ocrx_word' id='word_1_151' title='bbox 1476 1800 1588 1844; x_wconf 79' lang='lat' dir='ltr'><strong>inter</strong></span> <span class='ocrx_word' id='word_1_152' title='bbox 1606 1799 1810 1854; x_wconf 66' lang='lat' dir='ltr'><strong>consues-</strong></span> 
     </span>
    </p>
   </div>
   <div class='ocr_carea' id='block_1_9' title="bbox 425 1867 1898 2050">
    <p class='ocr_par' dir='ltr' id='par_1_10' title="bbox 425 1867 1898 2050">
     <span class='ocr_line' id='line_1_25' title="bbox 426 1867 1813 1929; baseline 0 -17"><span class='ocrx_word' id='word_1_153' title='bbox 426 1869 612 1913; x_wconf 89' lang='lat' dir='ltr'><strong>cendum</strong></span> <span class='ocrx_word' id='word_1_154' title='bbox 631 1870 865 1929; x_wconf 87' lang='lat' dir='ltr'><strong>fugiantur.</strong></span> <span class='ocrx_word' id='word_1_155' title='bbox 924 1873 1040 1914; x_wconf 87' lang='lat' dir='ltr'><strong>Nam</strong></span> <span class='ocrx_word' id='word_1_156' title='bbox 1059 1879 1233 1928; x_wconf 87' lang='lat' dir='ltr'><strong>compta</strong></span> <span class='ocrx_word' id='word_1_157' title='bbox 1250 1877 1295 1913; x_wconf 92' lang='lat' dir='ltr'><strong>et</strong></span> <span class='ocrx_word' id='word_1_158' title='bbox 1313 1872 1459 1913; x_wconf 77' lang='lat' dir='ltr'><strong>&#39;ornata</strong></span> <span class='ocrx_word' id='word_1_159' title='bbox 1477 1869 1552 1912; x_wconf 85' lang='lat' dir='ltr'><strong>ista</strong></span> <span class='ocrx_word' id='word_1_160' title='bbox 1568 1867 1813 1928; x_wconf 78' lang='lat' dir='ltr'><strong>conjugum</strong></span> 
     </span>
     <span class='ocr_line' id='line_1_26' title="bbox 425 1936 1811 1997; baseline 0.001 -18"><span class='ocrx_word' id='word_1_161' title='bbox 425 1937 514 1979; x_wconf 82' lang='lat' dir='ltr'><strong>vita</strong></span> <span class='ocrx_word' id='word_1_162' title='bbox 543 1938 653 1981; x_wconf 86' lang='lat' dir='ltr'><strong>nihil</strong></span> <span class='ocrx_word' id='word_1_163' title='bbox 680 1939 821 1982; x_wconf 84' lang='lat' dir='ltr'><strong>differt</strong></span> <span class='ocrx_word' id='word_1_164' title='bbox 849 1954 876 1982; x_wconf 90' lang='lat' dir='ltr'><strong>a</strong></span> <span class='ocrx_word' id='word_1_165' title='bbox 902 1939 1214 1997; x_wconf 83' lang='lat' dir='ltr'><strong>Tragoedorum</strong></span> <span class='ocrx_word' id='word_1_166' title='bbox 1245 1938 1291 1981; x_wconf 88' lang='lat' dir='ltr'><strong>in</strong></span> <span class='ocrx_word' id='word_1_167' title='bbox 1321 1938 1444 1981; x_wconf 86' lang='lat' dir='ltr'><strong>scena</strong></span> <span class='ocrx_word' id='word_1_168' title='bbox 1464 1936 1719 1982; x_wconf 80' lang='lat' dir='ltr'><strong>versantium</strong></span> <span class='ocrx_word' id='word_1_169' title='bbox 1738 1947 1811 1980; x_wconf 81' lang='grc' dir='ltr'><strong>ὀι-</strong></span> 
     </span>
     <span class='ocr_line' id='line_1_27' title="bbox 427 2011 1898 2050; baseline 0.001 -3"><span class='ocrx_word' id='word_1_170' title='bbox 427 2014 548 2050; x_wconf 80' lang='lat' dir='ltr'><strong>natu.</strong></span> <span class='ocrx_word' id='word_1_171' title='bbox 1893 2011 1898 2019; x_wconf 73' lang='grc'><strong>“</strong></span> 
     </span>
    </p>
   </div>
   <div class='ocr_carea' id='block_1_10' title="bbox 1003 2127 1238 2149">
    <p class='ocr_par' dir='ltr' id='par_1_11' title="bbox 1003 2127 1238 2149">
     <span class='ocr_line' id='line_1_28' title="bbox 1003 2127 1238 2149; baseline -0.004 -4"><span class='ocrx_word' id='word_1_172' title='bbox 1003 2127 1238 2149; x_wconf 49' lang='grc' dir='ltr'>ψ</span> 
     </span>
    </p>
   </div>
   <div class='ocr_carea' id='block_1_11' title="bbox 988 2213 1252 2385">
    <p class='ocr_par' dir='ltr' id='par_1_12' title="bbox 988 2213 1252 2385">
     <span class='ocr_line' id='line_1_29' title="bbox 988 2213 1252 2257; baseline -0.004 0"><span class='ocrx_word' id='word_1_173' title='bbox 988 2214 1027 2257; x_wconf 89' lang='lat' dir='ltr'>C</span> <span class='ocrx_word' id='word_1_174' title='bbox 1043 2213 1084 2256; x_wconf 96' lang='lat' dir='ltr'><strong>A</strong></span> <span class='ocrx_word' id='word_1_175' title='bbox 1102 2214 1147 2256; x_wconf 92' lang='grc' dir='ltr'><strong>Ρ.</strong></span> <span class='ocrx_word' id='word_1_176' title='bbox 1193 2214 1252 2257; x_wconf 89' lang='lat' dir='ltr'><strong>V.</strong></span> 
     </span>
     <span class='ocr_line' id='line_1_30' title="bbox 1007 2327 1229 2385; baseline 0 -15"><span class='ocrx_word' id='word_1_177' title='bbox 1007 2328 1074 2370; x_wconf 86' lang='lat' dir='ltr'><strong>De</strong></span> <span class='ocrx_word' id='word_1_178' title='bbox 1077 2327 1229 2385; x_wconf 83' lang='lat' dir='ltr'><strong>servis.</strong></span> 
     </span>
    </p>
   </div>
   <div class='ocr_carea' id='block_1_12' title="bbox 309 2413 1808 2475">
    <p class='ocr_par' dir='ltr' id='par_1_13' title="bbox 309 2406 1898 2476">
     <span class='ocr_line' id='line_1_31' title="bbox 309 2413 1808 2475; baseline -0.001 -15"><span class='ocrx_word' id='word_1_179' title='bbox 309 2433 337 2475; x_wconf 84' lang='lat'><strong>3</strong></span> <span class='ocrx_word' id='word_1_180' title='bbox 346 2416 407 2475; x_wconf 61' lang='lat'><strong>3&#39;1</strong></span> <span class='ocrx_word' id='word_1_181' title='bbox 483 2418 554 2461; x_wconf 92' lang='lat' dir='ltr'><strong>IN</strong></span> <span class='ocrx_word' id='word_1_182' title='bbox 576 2416 850 2461; x_wconf 83' lang='lat' dir='ltr'><strong>facultatibus</strong></span> <span class='ocrx_word' id='word_1_183' title='bbox 869 2424 1012 2461; x_wconf 90' lang='lat' dir='ltr'><strong>autem</strong></span> <span class='ocrx_word' id='word_1_184' title='bbox 1043 2417 1231 2474; x_wconf 89' lang='lat' dir='ltr'><strong>primum</strong></span> <span class='ocrx_word' id='word_1_185' title='bbox 1258 2424 1303 2458; x_wconf 88' lang='lat' dir='ltr'><strong>et</strong></span> <span class='ocrx_word' id='word_1_186' title='bbox 1332 2413 1518 2458; x_wconf 82' lang='lat' dir='ltr'><strong>maxime</strong></span> <span class='ocrx_word' id='word_1_187' title='bbox 1535 2413 1808 2459; x_wconf 79' lang='lat' dir='ltr'><strong>neceffarium</strong></span> 
     </span>
    </p>
   </div>
   <div class='ocr_carea' id='block_1_13' title="bbox 420 2483 1862 2681">
    <p class='ocr_par' dir='ltr' id='par_1_14' title="bbox 420 2483 1889 2681">
     <span class='ocr_line' id='line_1_32' title="bbox 425 2483 1811 2544; baseline -0.001 -16"><span class='ocrx_word' id='word_1_188' title='bbox 425 2487 483 2528; x_wconf 88' lang='lat' dir='ltr'><strong>est</strong></span> <span class='ocrx_word' id='word_1_189' title='bbox 503 2487 564 2540; x_wconf 89' lang='lat' dir='ltr'><strong>id,</strong></span> <span class='ocrx_word' id='word_1_190' title='bbox 583 2485 700 2544; x_wconf 90' lang='lat' dir='ltr'><strong>quod</strong></span> <span class='ocrx_word' id='word_1_191' title='bbox 729 2486 940 2543; x_wconf 87' lang='lat' dir='ltr'><strong>optimum</strong></span> <span class='ocrx_word' id='word_1_192' title='bbox 969 2493 1100 2543; x_wconf 88' lang='lat' dir='ltr'><strong>atque</strong></span> <span class='ocrx_word' id='word_1_193' title='bbox 1130 2483 1506 2542; x_wconf 80' lang='lat' dir='ltr'><strong>praestantiffim-um</strong></span> <span class='ocrx_word' id='word_1_194' title='bbox 1530 2485 1602 2526; x_wconf 79' lang='lat' dir='ltr'><strong>est.</strong></span> <span class='ocrx_word' id='word_1_195' title='bbox 1661 2485 1706 2525; x_wconf 79' lang='lat' dir='ltr'><strong>Is</strong></span> <span class='ocrx_word' id='word_1_196' title='bbox 1720 2484 1811 2527; x_wconf 72' lang='lat' dir='ltr'><strong>erit</strong></span> 
     </span>
     <span class='ocr_line' id='line_1_33' title="bbox 421 2551 1801 2612; baseline -0.001 -15"><span class='ocrx_word' id='word_1_197' title='bbox 421 2554 570 2598; x_wconf 89' lang='lat' dir='ltr'><strong>homo.</strong></span> <span class='ocrx_word' id='word_1_198' title='bbox 630 2556 901 2612; x_wconf 78' lang='lat' dir='ltr'><strong>Quapropter</strong></span> <span class='ocrx_word' id='word_1_199' title='bbox 929 2554 1032 2596; x_wconf 81' lang='lat' dir='ltr'><strong>servi</strong></span> <span class='ocrx_word' id='word_1_200' title='bbox 1061 2563 1160 2595; x_wconf 86' lang='lat' dir='ltr'><strong>ante</strong></span> <span class='ocrx_word' id='word_1_201' title='bbox 1188 2552 1334 2594; x_wconf 86' lang='lat' dir='ltr'><strong>omnia</strong></span> <span class='ocrx_word' id='word_1_202' title='bbox 1354 2552 1478 2609; x_wconf 88' lang='lat' dir='ltr'><strong>probi</strong></span> <span class='ocrx_word' id='word_1_203' title='bbox 1497 2552 1590 2594; x_wconf 86' lang='lat' dir='ltr'><strong>sunt</strong></span> <span class='ocrx_word' id='word_1_204' title='bbox 1609 2551 1801 2609; x_wconf 77' lang='lat' dir='ltr'><strong>parandi.</strong></span> 
     </span>
     <span class='ocr_line' id='line_1_34' title="bbox 420 2619 1862 2681; baseline -0.002 -15"><span class='ocrx_word' id='word_1_205' title='bbox 420 2625 593 2666; x_wconf 79' lang='lat' dir='ltr'><strong>Horum</strong></span> <span class='ocrx_word' id='word_1_206' title='bbox 615 2638 770 2681; x_wconf 84' lang='lat' dir='ltr'><strong>genera</strong></span> <span class='ocrx_word' id='word_1_207' title='bbox 795 2623 892 2665; x_wconf 91' lang='lat' dir='ltr'><strong>sunt</strong></span> <span class='ocrx_word' id='word_1_208' title='bbox 917 2622 1004 2664; x_wconf 89' lang='lat' dir='ltr'><strong>duo</strong></span> <span class='ocrx_word' id='word_1_209' title='bbox 1023 2638 1034 2663; x_wconf 73' lang='grc' dir='ltr'><strong><em>ε</em></strong></span> <span class='ocrx_word' id='word_1_210' title='bbox 1068 2623 1315 2663; x_wconf 83' lang='lat' dir='ltr'><strong>Procurator</strong></span> <span class='ocrx_word' id='word_1_211' title='bbox 1334 2629 1378 2663; x_wconf 90' lang='lat' dir='ltr'><strong>et</strong></span> <span class='ocrx_word' id='word_1_212' title='bbox 1396 2619 1624 2677; x_wconf 77' lang='lat' dir='ltr'><strong>operarius·</strong></span> <span class='ocrx_word' id='word_1_213' title='bbox 1686 2620 1805 2663; x_wconf 79' lang='lat' dir='ltr'><strong>Quia</strong></span> <span class='ocrx_word' id='word_1_214' title='bbox 1860 2619 1862 2621; x_wconf 67' lang='grc'><strong>’</strong></span> 
     </span>
    </p>
   </div>
   <div class='ocr_carea' id='block_1_14' title="bbox 417 2686 1894 2818">
    <p class='ocr_par' dir='ltr' id='par_1_15' title="bbox 417 2686 1894 2818">
     <span class='ocr_line' id='line_1_35' title="bbox 418 2686 1894 2749; baseline -0.003 -15"><span class='ocrx_word' id='word_1_215' title='bbox 418 2707 519 2734; x_wconf 78' lang='lat' dir='ltr'><strong>vero</strong></span> <span class='ocrx_word' id='word_1_216' title='bbox 539 2692 751 2734; x_wconf 83' lang='lat' dir='ltr'><strong>cernimus</strong></span> <span class='ocrx_word' id='word_1_217' title='bbox 763 2691 955 2749; x_wconf 86' lang='lat' dir='ltr'><strong>juniores</strong></span> <span class='ocrx_word' id='word_1_218' title='bbox 975 2689 1196 2746; x_wconf 87' lang='lat' dir='ltr'><strong>disciplina</strong></span> <span class='ocrx_word' id='word_1_219' title='bbox 1225 2688 1471 2739; x_wconf 79' lang='lat' dir='ltr'><strong>modificari,</strong></span> <span class='ocrx_word' id='word_1_220' title='bbox 1492 2686 1651 2730; x_wconf 78' lang='lat' dir='ltr'><strong>neceffe</strong></span> <span class='ocrx_word' id='word_1_221' title='bbox 1674 2687 1804 2730; x_wconf 83' lang='lat' dir='ltr'><strong>suerit</strong></span> <span class='ocrx_word' id='word_1_222' title='bbox 1880 2695 1894 2706; x_wconf 80' lang='grc'><em>”</em></span> 
     </span>
     <span class='ocr_line' id='line_1_36' title="bbox 417 2753 1882 2818; baseline -0.003 -16"><span class='ocrx_word' id='word_1_223' title='bbox 417 2774 563 2816; x_wconf 83' lang='lat' dir='ltr'><strong>parare</strong></span> <span class='ocrx_word' id='word_1_224' title='bbox 581 2758 804 2802; x_wconf 87' lang='lat' dir='ltr'><strong>educando</strong></span> <span class='ocrx_word' id='word_1_225' title='bbox 835 2773 908 2801; x_wconf 90' lang='lat' dir='ltr'><strong>eos</strong></span> <span class='ocrx_word' id='word_1_226' title='bbox 939 2773 964 2800; x_wconf 91' lang='lat' dir='ltr'><strong>a</strong></span> <span class='ocrx_word' id='word_1_227' title='bbox 994 2757 1150 2814; x_wconf 90' lang='lat' dir='ltr'><strong>quibus</strong></span> <span class='ocrx_word' id='word_1_228' title='bbox 1180 2756 1374 2799; x_wconf 81' lang='lat' dir='ltr'><strong>liberales</strong></span> <span class='ocrx_word' id='word_1_229' title='bbox 1398 2768 1539 2813; x_wconf 82' lang='lat' dir='ltr'><strong>operae</strong></span> <span class='ocrx_word' id='word_1_230' title='bbox 1557 2756 1802 2814; x_wconf 80' lang='lat' dir='ltr'><strong>exigantur.</strong></span> <span class='ocrx_word' id='word_1_231' title='bbox 1848 2813 1850 2818; x_wconf 24' lang='grc' dir='ltr'>ι</span> <span class='ocrx_word' id='word_1_232' title='bbox 1876 2753 1882 2756; x_wconf 44' lang='grc'><strong><em>”</em></strong></span> 
     </span>
    </p>
   </div>
   <div class='ocr_carea' id='block_1_15' title="bbox 418 2824 1802 2885">
    <p class='ocr_par' dir='ltr' id='par_1_16' title="bbox 418 2824 1890 2885">
     <span class='ocr_line' id='line_1_37' title="bbox 418 2824 1802 2885; baseline -0.001 -15"><span class='ocrx_word' id='word_1_233' title='bbox 418 2827 491 2871; x_wconf 84' lang='lat' dir='ltr'><strong>Sic</strong></span> <span class='ocrx_word' id='word_1_234' title='bbox 510 2835 654 2871; x_wconf 87' lang='lat' dir='ltr'><strong>autem</strong></span> <span class='ocrx_word' id='word_1_235' title='bbox 674 2841 776 2885; x_wconf 89' lang='lat' dir='ltr'><strong>erga</strong></span> <span class='ocrx_word' id='word_1_236' title='bbox 795 2826 933 2871; x_wconf 86' lang='lat' dir='ltr'><strong>servos</strong></span> <span class='ocrx_word' id='word_1_237' title='bbox 951 2825 1167 2869; x_wconf 80' lang='lat' dir='ltr'><strong>Dominus</strong></span> <span class='ocrx_word' id='word_1_238' title='bbox 1195 2824 1236 2868; x_wconf 88' lang='lat' dir='ltr'><strong>se</strong></span> <span class='ocrx_word' id='word_1_239' title='bbox 1262 2832 1404 2882; x_wconf 87' lang='lat' dir='ltr'><strong>geret,</strong></span> <span class='ocrx_word' id='word_1_240' title='bbox 1425 2831 1477 2867; x_wconf 90' lang='lat' dir='ltr'><strong>ut</strong></span> <span class='ocrx_word' id='word_1_241' title='bbox 1504 2838 1645 2883; x_wconf 83' lang='lat' dir='ltr'><strong>neque</strong></span> <span class='ocrx_word' id='word_1_242' title='bbox 1671 2832 1802 2882; x_wconf 77' lang='lat' dir='ltr'><strong>petu-</strong></span> 
     </span>
    </p>
   </div>
   <div class='ocr_carea' id='block_1_16' title="bbox 1836 2696 1898 3308">
    <p class='ocr_par' dir='ltr' id='par_1_17' title="bbox 1836 2696 1898 3308">
     <span class='ocr_line' id='line_1_38' title="bbox 1836 2696 1898 3308; baseline 0 0"><span class='ocrx_word' id='word_1_243' title='bbox 1836 2696 1898 3308; x_wconf 95' lang='lat' dir='ltr'><strong> </strong></span> 
     </span>
    </p>
   </div>
  </div>
 </body>
</html>
