1898 3308
367 179 463 225 DE
505 177 926 229 REPUBLICA
968 177 1155 221 111.12.
1352 187 1434 234 491

72 300 352 366 dmum
371 302 429 345 est
449 301 632 360 primum
662 300 768 358 quid
791 299 855 352 fit,
876 306 1021 357 aptum
1042 299 1120 341 effe
1141 298 1195 340 ad
1215 271 1442 355 imperiuni

75 370 256 434 w,
288 369 396 427 quid
429 369 484 412 ad
521 368 864 420 aristocraticum‚
898 366 1002 426 quid
1042 366 1094 408 ad
1132 365 1270 407 civile.
1327 366 1445 422 Apta

75 439 209 501 W
225 439 283 483 est
303 437 386 482 ad
375 438 599 495 imperium
622 437 789 496 regium
814 436 1078 479 subeundum
1108 434 1339 476 multitudo
1359 435 1443 477 hu-

31 542 36 550 .
68 506 402 568 §quuae
440 506 493 551 fic
528 507 585 548 est
617 514 858 563 comparata
889 513 1052 555 natura,
1086 511 1135 546 ut
1167 517 1304 559 genus
1338 501 1445 544 ferre

23 595 26 599 ·
76 568 196 635 'fit
226 573 382 618 virtute
418 574 612 631 praestans
646 571 699 616 fid
729 572 897 616 civilem
929 571 1228 629 principatum.
1287 569 1443 612 Multi-

72 642 345 705 mantem
376 643 433 690 est
462 641 752 694 aristocratica,
773 640 819 684 id
847 641 918 693 est,
946 640 1000 684 ad
1030 637 1301 696 optimatium
1322 645 1445 694 pote-

0 753 24 764 .,
56 709 255 773 m
250 709 469 771 ferendam
498 719 610 771 ειρια,
642 725 692 753 ea
721 725 821 767 quae
846 708 1076 768 gubernari
1106 707 1236 765 potest
1265 705 1448 764 imperio

73 776 250 839 Muli
247 766 385 826 abiis
403 778 476 838 qui
505 778 661 822 virtute
690 777 971 836 principatum
1000 777 1212 827 obtinent,
1241 775 1295 818 ad
1324 774 1447 818 civile

72 845 315 914 ἱφρῳηιιιῃ;
330 846 404 899 sua
432 846 603 892 confilia
635 845 876 889 referentes.
938 846 1088 889 Civilis
1118 853 1261 888 autem
1296 843 1447 888 multi·

26 933 30 955 ;
70 897 178 974 tm
203 915 284 973 96,
321 914 364 966 in
395 929 486 975 qua.
513 914 617 958 solet
650 914 729 957 effe
760 925 907 957 natura
935 914 1062 958 etiam
1097 928 1183 956 una
1213 911 1448 956 multitudo

18 1039 19 1042 Ἴ
73 981 301 1049 Quint-in,
289 990 333 1026 et
351 981 518 1041 bellica,
543 998 642 1041 quae
671 983 799 1039 potest
830 998 973 1039 parere
1001 992 1129 1040 atque
1162 982 1365 1038 imperare
1394 995 1449 1024 ex

72 1034 192 1111 lege,
206 1065 284 1108 pro
303 1050 513 1109 dignitate
532 1060 577 1094 et
598 1051 758 1096 meritis
777 1051 952 1109 imperia
980 1060 1024 1093 et
1053 1050 1316 1108 magistratus
1334 1049 1447 1092 divi-

16 1119 34 1179 ,ς’
73 1119 205 1178 Qus
214 1117 450 1168 deferente.
511 1119 624 1163 Cum
655 1117 789 1176 igitur
817 1118 1018 1161 acciderit
1046 1127 1095 1160 ut
1122 1126 1196 1160 aut
1224 1131 1360 1176 genus
1378 1125 1448 1159 to-

9 1190 27 1239 ,ss
72 1193 185 1250 tum,
203 1193 280 1240 aut
298 1184 427 1230 etiam
450 1183 628 1229 aliorum
649 1184 804 1242 aliquis
825 1200 934 1227 unus
961 1185 1171 1228 exoriatur
1197 1183 1258 1226 ita
1284 1183 1449 1228 caeteris

73 1252 230 1315 yirtute
254 1253 464 1311 praestans,
487 1262 535 1296 ut
562 1252 676 1296 illius
706 1253 839 1297 virtus
866 1253 1046 1296 aliorum
1077 1252 1270 1295 omnium
1302 1252 1449 1296 virtuti

75 1320 317 1381 pntecellat,
347 1329 451 1364 tunc
470 1321 631 1380 justum
665 1321 720 1363 est
753 1321 836 1364 hoc
864 1336 1004 1380 genus
1019 1321 1106 1364 *effe
1126 1321 1309 1379 regium,
1329 1330 1374 1364 et
1401 1321 1446 1363 in
1466 1328 1567 1384 129

10 1387 40 1419 2}-
74 1403 224 1438 omnes
255 1389 501 1457 potestatem
530 1388 753 1431 obtinere.
785 1398 829 1431 et
858 1389 974 1431 hunc
1008 1404 1142 1432 unum
1173 1404 1318 1447 regem
1350 1389 1464 1433 effe(

0 1466 23 1522 ‚35
75 1449 454 1518 Quemadmodum
475 1456 589 1498 enim
617 1465 743 1499 antea
769 1456 933 1499 dietum
965 1457 1036 1509 est,
1058 1471 1142 1498 non
1169 1457 1299 1500 modo
1329 1457 1382 1499 fic
1410 1457 1454 1500 se

0 1589 25 1666 *fi
72 1575 165 1653 qui
176 1581 433 1650 respublicas
463 1591 699 1646 instituunt,
720 1603 811 1636 tum
834 1592 909 1650 qui
930 1593 1243 1646 aristocraticas‚
1264 1602 1356 1636 tum
1376 1593 1452 1652 qui

71 1661 372 1723 oligarchicaS,
409 1670 453 1705 et
484 1663 646 1706 rursum
683 1663 757 1720 qui
794 1663 1098 1708 democraticas
1139 1667 1304 1720 (omnes
1335 1664 1451 1707 enim

73 1744 150 1790 pro
169 1729 332 1772 ratione
362 1730 607 1786 praestantiae
636 1730 818 1773 honores
837 1739 880 1774 et
901 1731 1164 1788 magistratus
1184 1730 1355 1773 censent
1374 1730 1454 1773 effe

73 1795 353 1858 dgferendosz
385 1811 472 1840 non
502 1805 644 1849 tamen
679 1798 954 1854 praestantiam
988 1798 1167 1841 eandem
1199 1813 1347 1841 omnes
1377 1813 1453 1842 ex-

74 1866 262 1928 istimant
277 1867 349 1922 sed
370 1866 444 1916 alii
463 1867 607 1919 aliam)
630 1867 699 1910 sed
727 1884 780 1911 ex
809 1883 861 1911 eo
884 1868 982 1926 jure
1011 1868 1128 1925 quod
1159 1878 1258 1911 ante
1287 1868 1453 1924 ἀίἃιιιιι

74 1936 162 1979 est:
199 1938 317 1992 (nam
347 1950 486 1993 neque
505 1935 632 1978 talem
655 1936 791 1979 virum
816 1937 1064 1990 interficere,
1087 1952 1227 1993 neque
1255 1937 1300 1979 in
1330 1937 1452 1980 exsu-

74 2002 182 2047 lium
201 2002 373 2061 pellere,
393 2017 532 2060 neque
550 2002 604 2046 ad
623 2003 876 2046 decennium
898 2019 922 2046 e
942 2005 1114 2047 civitate
1132 2005 1246 2048 exire
1265 2004 1420 2064 jubere
1439 2022 1451 2049 ε

14 2067 15 2070 “
76 2085 215 2130 neque
234 2079 287 2114 ut
305 2069 477 2114 viciffim
499 2070 676 2129 imperio
697 2081 854 2129 pareat,
875 2072 1081 2129 postulare
1110 2071 1234 2114 decet
1254 2073 1451 2128 scilicet.)

11 2179 21 2197 Q
75 2138 189 2183 Non'
209 2138 324 2182 enim
356 2147 504 2182 natura
531 2148 823 2196 comparatum
842 2141 898 2182 est
920 2150 969 2183 ut
989 2155 1082 2197 pars
1113 2149 1252 2183 totum
1273 2141 1455 2199 superet.

12 2255 14 2257 ,
75 2207 140 2251 At
156 2206 197 2250 ei
218 2205 339 2264 cujus
358 2215 478 2249 tanta
500 2207 734 2264 praestantia
754 2208 827 2260 est,
849 2208 932 2250 hoc
951 2208 1150 2266 contigit.
1210 2209 1356 2252 Quare
1384 2224 1455 2253 re-

10 2284 21 2293 “
77 2275 247 2334 liquum
275 2275 333 2318 est
363 2283 548 2327 tantum,
579 2285 630 2318 ut
659 2276 736 2319 tali
765 2276 847 2319 civi
878 2277 1019 2319 caeteri
1048 2286 1236 2334 pareant,
1257 2287 1302 2320 et
1326 2292 1457 2335 penes

0 2340 25 2406 ,ᾖ
77 2343 197 2387 hunc
225 2343 274 2386 fit
305 2343 523 2386 arbitrium
554 2358 698 2387 rerum
732 2345 930 2388 omnium
959 2361 1007 2388 ac
1042 2346 1234 2402 potestas,
1264 2360 1349 2388 non
1380 2361 1458 2404 pro

7 2422 31 2477 i<
77 2409 187 2456 virili
209 2421 342 2468 parte,
362 2419 437 2454 aut
456 2411 644 2464 viciffim,
666 2413 735 2455 sed
756 2412 1012 2468 [impliciter.
1062 2414 1130 2456 De
1152 2429 1286 2472 regno
1306 2414 1456 2471 igitur,

7 2484 47 2498 '³‘
77 2487 186 2538 quot
203 2479 291 2522 fint
300 2477 394 2538 ejus
414 2479 680 2532 differentiae,
711 2490 756 2523 et
788 2489 932 2523 utrum
964 2481 1175 2524 conducat
1196 2482 1455 2536 civitatibus,

78 2561 230 2601 necne,
260 2555 306 2590 et
333 2547 492 2605 quibus
520 2547 747 2601 conducat,
777 2559 822 2592 et
853 2564 940 2609 quo
965 2550 1112 2604 modo,
1135 2550 1194 2594 ita
1220 2551 1268 2595 fit
1287 2566 1314 2595 a
1334 2551 1457 2597 nobis

12 2611 29 2651 ἕ
77 2614 306 2674 ἀρβιιίωιιι
325 2626 457 2679 atque
475 2617 749 2676 explicatum.
