1942 3320
569 489 1211 564 ARISTOTELIS
1574 504 1661 570 *33

483 685 619 748 DE
684 683 1296 748 REPUBLICA

648 865 805 905 LIBER
833 865 1131 905 SECUNDUS.

785 1071 999 1091 mm*—
1004 1081 1010 1083 .
1014 1081 1027 1083 -
1034 1081 1037 1083 i

1468 1182 1489 1206 ω

771 1244 930 1288 CAP.
976 1245 1014 1288 I.

199 1357 268 1400 De
297 1356 475 1400 civitatis
509 1358 670 1411 Forma,
706 1359 755 1400 de
787 1359 874 1417 ipsa
889 1358 1043 1417 scilicet
1081 1357 1371 1416 Corfiitutionc,
1405 1360 1585 1407 aelurus,

255 1425 423 1470 aliorum
438 1426 631 1484 opiniones
647 1427 695 1469 de
715 1427 954 1486 Reipublicae
971 1427 1117 1487 optima
1136 1426 1399 1486 constitutione
1411 1425 1588 1484 primum

255 1494 514 1555 explicandas
531 1497 729 1556 proponit.

197 1577 531 1664 QUONIAM
550 1612 768 1656 confilium
803 1621 931 1671 atque
958 1611 1198 1655 institutum
1230 1611 1415 1654 nostrum
1439 1611 1513 1664 est,
1533 1609 1589 1654 de

197 1679 398 1738 societate
417 1680 532 1724 civili
552 1681 826 1735 confiderare‚
846 1696 1047 1740 quaenam
1068 1680 1117 1723 fit
1136 1679 1329 1723 omnium
1350 1678 1517 1737 optima
1535 1679 1590 1723 iis

198 1744 275 1805 ⁴qui
293 1748 460 1806 poffunt
479 1749 666 1792 maxime
687 1764 741 1792 ex
759 1749 967 1793 sententia
986 1748 1146 1792 vivere:
1169 1755 1338 1806 oportet
1358 1762 1436 1790 nos
1455 1747 1588 1792 etiam

198 1815 302 1859 alias
319 1816 565 1876 reipublicae
585 1817 923 1861 administrandae
943 1817 1101 1860 formas
1121 1817 1342 1875 inspicere,
1362 1824 1406 1859 et
1427 1816 1589 1875 quibus

198 1893 383 1929 utuntur
410 1885 630 1929 nonnullae
661 1886 870 1938 civitates,
901 1902 998 1945 quae
1027 1887 1139 1930 bene
1168 1894 1361 1939 moratae,
1381 1885 1590 1944 bonisque

198 1953 371 2013 legibus
382 1962 630 2013 temperatae
641 1955 858 2009 dicuntur,
877 1964 922 1998 et
939 1956 966 1997 fi
982 1971 1080 2013 quae
1098 1955 1206 1998 forte
1223 1954 1334 2008 aliae,
1349 1962 1423 1998 aut
1438 1955 1493 1998 ab
1509 1955 1590 1998 ali-

196 2022 353 2080 quibus
374 2022 500 2067 ‹1361ae
521 2024 616 2078 fint,
637 2033 713 2067 aut
732 2024 956 2068 videantur
977 2024 1057 2068 effe
1078 2025 1234 2067 bonae:
1265 2023 1451 2082 primum
1472 2032 1524 2068 ut
1543 2032 1589 2067 et

197 2091 242 2134 id
261 2092 379 2150 quod
399 2093 580 2145 ressum,
601 2102 646 2136 et
664 2093 709 2136 id
728 2093 846 2151 quod
867 2093 976 2136 utile
994 2093 1067 2147 est,
1086 2093 1134 2136 fit
1154 2093 1197 2135 in
1218 2101 1436 2151 promptu,
1457 2102 1588 2152 atque

197 2161 242 2204 in
264 2160 402 2204 oculis
421 2162 616 2205 omnium
647 2162 846 2220 positum,
868 2161 1024 2205 deinde
1043 2170 1093 2205 ut
1112 2161 1275 2220 aliquid
1295 2163 1349 2206 ab
1370 2162 1423 2206 iis
1444 2163 1588 2207 diver-

197 2229 288 2272 sum
317 2244 524 2288 quaerere,
547 2245 634 2273 non
664 2231 829 2289 prorsus
857 2230 1082 2274 hominum
1103 2230 1353 2289 sapientiam
1384 2240 1430 2274 et
1459 2231 1588 2291 inge-

197 2297 319 2342 nium
333 2297 455 2342 suum
471 2299 677 2342 ostentare
692 2299 930 2343 volentium
946 2299 1026 2342 effe
1037 2299 1254 2342 videatur:
1279 2299 1350 2342 sed
1366 2309 1590 2358 propterea

197 2366 313 2425 quod
334 2366 419 2420 hae,
440 2382 539 2425 quae
570 2383 685 2411 nunc
705 2368 818 2421 sunt,
840 2368 984 2411 minus
1012 2368 1138 2411 bonae
1167 2382 1218 2410 ac
1248 2368 1377 2412 τθᾶὶεε
1407 2369 1500 2423 fint,
1521 2370 1587 2414 ic-

197 2435 313 2479 circo
331 2435 444 2480 hanc
464 2436 793 2494 disputationem
816 2436 1034 2494 suscepisse
1052 2444 1182 2495 atque
1203 2436 1420 2480 instituisse
1441 2438 1588 2482 videa-

197 2520 310 2549 mur.
370 2505 638 2549 Sumendum
668 2514 815 2549 autem
844 2505 1018 2549 initium
1038 2506 1110 2558 est,
1131 2505 1248 2563 quod
1269 2506 1326 2548 est
1346 2505 1474 2565 hujus
1503 2507 1589 2550 dis-

196 2573 432 2632 putationis
463 2574 649 2617 maxime
679 2574 899 2633 proprium
932 2583 1098 2617 natura.
1158 2574 1336 2618 Neceffe
1359 2574 1496 2634 igitur
1514 2578 1588 2631 est,

196 2651 272 2686 aut
303 2643 417 2686 cives
447 2658 597 2687 omnes
630 2643 824 2686 omnium
845 2658 987 2686 rerum
1014 2643 1094 2686 effe
1122 2642 1346 2701 participes
1365 2659 1415 2687 ac
1435 2644 1588 2699 socios,

197 2719 273 2754 aut
294 2710 470 2764 nullius,
491 2720 566 2754 aut
585 2711 853 2769 quorundam
876 2711 972 2764 effe,
992 2710 1262 2768 quorundam
1287 2726 1391 2755 non.
1441 2713 1591 2771 Atque

196 2788 248 2822 ut
275 2779 435 2822 nullius
467 2779 644 2838 quidem
675 2779 736 2823 rei
767 2779 879 2822 inter
907 2793 983 2822 eos
1014 2778 1063 2821 fit
1091 2778 1357 2832 communio,
1386 2779 1475 2823 fieri
1503 2795 1591 2824 non

195 2846 308 2906 poffe
327 2847 372 2892 in
393 2855 598 2907 promptu
616 2847 688 2892 est.
750 2846 952 2891 Civitatis
978 2847 1111 2901 enim,
1133 2855 1208 2891 aut
1236 2846 1483 2906 reipublicae
1512 2849 1589 2893 ad-

831 2929 862 2958 n
885 2914 914 2957 d
933 2928 958 2972 3
