1898 3308
448 253 682 304 multitudo
699 255 918 310 cresceret,
939 273 1023 301 non
1044 258 1259 303 habebant
1279 259 1393 303 unde
1415 257 1477 302 eis
1505 257 1658 309 debita
1655 256 1822 317 stipam

448 323 520 366 dia
537 324 830 381 persolverent.
891 326 1156 369 Praeconium
1181 326 1314 384 igitur
1342 325 1500 368 factum
1534 325 1621 371 este
1620 323 1698 376 si
1724 323 1850 382 quia

449 390 606 433 civium
628 391 942 441 incolarumve
925 408 998 450 Jus
1019 393 1194 436 haberet
1212 391 1500 450 prehende-:ndi
1521 390 1589 436 vel
1606 389 1824 444 cimetem

449 457 517 500 vel
538 459 745 515 privatum
764 459 1024 517 quempiam,
1045 459 1126 502 five
1151 459 1279 502 vellet
1306 459 1596 516 prehendere,
1609 466 1667 510 ut,
1690 457 1825 515 ‚profia-

449 534 622 573 teretur.
684 527 984 570 profitentibus
1013 535 1159 570 autem
1187 526 1422 584 permultis,
1441 526 1823 584 ita‘navigiacou-

449 595 667 638 tendentia
696 595 741 637 in
778 597 964 638 Pontum·
989 595 1421 652 comprehendebant,
1445 593 1712 651 probabilem
1735 593 1824 646 ali-

449 133 533 176 688
803 152 805 155 -
883 110 1387 187 AmsTOTELrs

448 678 580 721 quam
609 663 774 707 causam
804 662 1130 720 praetendenoeS,
1165 671 1355 719 tempore
1389 660 1586 718 quidem
1599 660 1824 718 Ptssfifflsso,

447 746 535 788 quo
550 731 604 774 de
619 731 686 773 his
705 730 869 772 causam
890 729 1077 773 dieturos
1094 729 1133 773 se
1154 730 1232 772 effe
1254 729 1524 772 affirmarent.
1567 725 1825 785 Copiavero

447 807 552 842 tunc
573 813 728 856 magna
755 797 948 855 pecuniae
977 813 1075 840 cum
1107 798 1317 850 extitisset,
1339 806 1382 839 et
1403 795 1560 840 milites
1578 795 1687 847 illos
1683 793 1824 845 dimi-

447 866 604 920 serunt,
643 875 686 909 et
720 867 774 910 de
813 866 1184 925 comprehensione
1220 866 1519 923 disceptarunt.
1580 865 1645 910 Et
1667 861 1825 920 quibus

447 935 818 992 comprehensione
841 935 941 978 effet
969 934 1078 978 faCta
1107 934 1276 995 injuria,
1296 934 1349 976 iis
1369 933 1423 976 de
1443 930 1724 1018 vefligalibus
1741 930 1825 974 suis

445 1003 726 1056 satisfaciebat
745 1004 1687 1048 civitas..
1895 997 1897 999 ¹

506 1071 729 1129 Cyfficeni,
750 1071 955 1115 seditione
974 1079 1067 1116 orta
1087 1070 1198 1128 apud
1222 1069 1346 1128 ipsos,
1369 1076 1414 1112 et
1442 1067 1568 1126 plebe
1595 1066 1823 1127 superiore,

446 1140 725 1197 oppreffisque
753 1155 803 1182 ac
830 1141 968 1197 captis
997 1140 1216 1192 divitibus,
1237 1153 1338 1182 cum
1366 1138 1592 1181 deberetur
1616 1135 1826 1180 militibus

447 1207 645 1264 pecunia,
679 1208 827 1250 scitum
863 1208 1086 1250 fecerunt:
1119 1208 1190 1250 Ne
1223 1205 1336 1264 capti
1369 1205 1719 1258 interficerentur,
1751 1203 1823 1247 sed

446 1274 641 1332 pecuniis
659 1276 816 1318 exaffiis
837 1285 885 1317 ut
904 1274 1138 1317 exularent.

505 1342 620 1394 Chii,
640 1358 741 1385 cum
770 1342 871 1385 esset
899 1343 969 1384 lex
997 1341 1110 1399 apud
1137 1340 1260 1398 ipsOS,
1285 1342 1348 1383 Ut
1375 1339 1519 1382 debita
1536 1338 1708 1397 publice
1725 1352 1825 1397 per·

330 1418 430 1462 355
447 1411 751 1454 scriberentur:
783 1411 1027 1469 indigentes
1053 1410 1237 1467 pecunia
1267 1408 1417 1452 scitum
1448 1408 1654 1465 fecerunt,
1676 1416 1727 1450 ut
1745 1407 1823 1449 de-

446 1478 604 1522 bitores
625 1479 697 1536 ipfi
715 1478 892 1537 quidem
921 1486 1093 1520 mutuas
1122 1476 1321 1534 pecunias
1350 1484 1624 1535 numerarent
1643 1473 1824 1526 civitati,

443 1547 591 1590 civitas
609 1561 706 1589 vero
726 1546 1023 1599 creditoribus,
1046 1552 1094 1588 ut
1118 1543 1257 1587 foenus
1277 1558 1330 1586 ex
1350 1542 1629 1601 vestigalibus
1658 1542 1821 1600 pende-

442 1623 523 1666 ret,
544 1615 681 1657 donec
700 1613 786 1657 fors
808 1613 1083 1672 persolvendo
1098 1621 1352 1682 aequaretur.

500 1683 720 1726 Mausolus
742 1683 879 1726 Cariae
899 1691 1120 1741 tyrannus,
1141 1688 1312 1739 petente
1331 1694 1409 1737 per
1422 1678 1587 1737 legatos
1605 1693 1708 1738 rege
1728 1680 1823 1722 Per-

443 1753 597 1804 sarum,
618 1761 667 1795 ut
686 1753 848 1795 tributa
876 1751 1094 1809 penderet,
1122 1748 1366 1792 convocatis
1395 1747 1455 1790 in
1469 1747 1545 1790 illa
1575 1754 1685 1796 terra
1709 1761 1820 1806 opu-

441 1821 690 1880 lentiffimis‚
709 1820 892 1863 ostendit
920 1819 1010 1862 eis:
1044 1820 1206 1876 Regem
1237 1825 1380 1874 petere
1412 1814 1587 1871 tributa,
1607 1814 1648 1857 se
1675 1822 1821 1859 autem

441 1904 712 1948 nequaquam
742 1887 957 1931 abundare
993 1886 1186 1944 pecunia.
1247 1884 1314 1926 Ibi
1347 1891 1443 1937 tum
1472 1882 1688 1929 subornati
1719 1882 1820 1941 qui-

441 1957 540 1998 dam
574 1955 708 1998 statim
740 1954 921 2011 polliciti
952 1953 1062 2003 sunt,
1094 1952 1135 1994 se
1166 1950 1245 1993 effe
1273 1949 1518 2002 collaturos,
1538 1957 1582 1992 et
1603 1948 1821 2005 summam

443 2023 702 2065 indicarunt.
763 2024 861 2064 Hoc
886 2021 998 2063 fauo
1027 2019 1332 2076 opulentiores,
1354 2017 1505 2074 partim
1526 2008 1710 2073 pudore,
1723 2030 1819 2072 par-

440 2090 520 2132 tim
551 2099 687 2142 metu,
707 2098 750 2131 et
771 2090 891 2146 plura
911 2088 1006 2131 sunt
1024 2085 1218 2144 polliciti,
1239 2094 1282 2127 et
1311 2083 1647 2126 contribuerunt.
1707 2083 1821 2132 Rure

440 2157 532 2199 sum
561 2158 743 2214 pecunia
771 2157 986 2214 indigens,
1016 2152 1336 2213 Mylaffenfibus
1365 2149 1607 2194 convocatis
1637 2149 1818 2195 demon-

443 2225 580 2268 stravit
611 2226 798 2267 oratione
831 2224 916 2276 sua,
948 2225 1053 2265 Eam
1087 2221 1300 2264 civitatem
1332 2217 1568 2276 principem
1596 2217 1734 2275 regni,
1764 2227 1828 2274 ex}

441 2308 525 2350 qua
545 2302 663 2336 ortus
682 2292 783 2335 esset
801 2292 900 2348 ipse,
923 2305 1008 2333 non
1028 2288 1106 2332 effe
1128 2287 1338 2330 moenibus
1357 2285 1534 2343 septam,
1556 2284 1717 2343 Regem
1737 2299 1818 2328 au-

441 2370 528 2403 tem
555 2362 765 2403 Persarum
795 2359 1028 2402 exercitum
1058 2355 1251 2400 adversus
1271 2355 1389 2397 illam
1415 2352 1638 2397 adducere.
1696 2352 1818 2395 Juffit

442 2430 589 2487 igitur,
611 2427 898 2487 Mylaffenses,
919 2436 1126 2484 quantum
1148 2423 1277 2482 posset
1305 2421 1482 2480 quisque
1503 2420 1693 2479 pecuniae
1711 2435 1816 2463 con-

440 2498 547 2540 ferre
569 2497 816 2554 plurimum,
838 2493 1077 2538 affirmans'
1068 2494 1120 2536 1is
1137 2500 1231 2550 quae
1252 2502 1355 2533 tunc
1381 2484 1713 2541 contribuiffent,
1733 2503 1817 2530 cae-

441 2574 550 2607 teras
570 2565 679 2622 ipsos
699 2565 790 2605 suas
802 2562 1030 2605 facultates
1051 2559 1143 2603 effe
1150 2558 1477 2602 conservaturos.
1537 2553 1718 2599 Callatis
1736 2569 1815 2596 au-

440 2642 529 2676 tem
551 2632 682 2690 copiis
702 2631 885 2688 magnis,
906 2629 990 2687 ipse
1009 2627 1183 2686 quidem
1207 2625 1381 2668 retinuit
1402 2615 1816 2687 pecunia-3⁸1rioenia
1887 2628 1889 2631 ’

441 2716 541 2744 vero
561 2699 711 2743 exstrui
731 2699 805 2741 illo
824 2707 1015 2755 tempore
1034 2698 1176 2738 Deum
1200 2693 1307 2736 velle
1328 2691 1524 2749 negavit.
1566 2719 1586 2739 .·;
1603 2738 1606 2755 ἦ

497 2767 714 2812 Condalus
743 2765 929 2811 Mausoli
959 2763 1200 2823 praeteeus,
1221 2762 1247 2804 fi
1280 2759 1451 2827 quando
1479 2757 1564 2809 iter
1577 2772 1652 2817 pet·-
1668 2757 1811 2822 tegio-
