1898 3308
459 189 545 234 666
769 190 964 236 Ams‘r.
993 192 1077 237 DE
1105 174 1316 237 REPUBJ
1341 192 1470 236 vm.
1501 199 1544 248 7·
1717 243 1721 246 ,
1775 0 1898 220 Ἴ

452 322 596 356 mores
633 311 788 357 habere
825 315 1009 359 maxime
1046 315 1210 360 viriles:
1254 323 1458 374 praeterea
1492 325 1594 357 vero
1629 308 1834 370 quoniam

455 381 572 438 quod
602 382 792 426 medium
821 385 878 426 est
908 384 1020 427 inter
1048 384 1134 427 duo
1162 394 1365 437 extrema,
1394 382 1615 426 laudamus
1643 387 1688 422 et
1714 377 1834 436 sequi

457 447 642 492 dicimus
671 461 890 508 oportere:
928 452 1063 494 Doria
1092 461 1235 494 autern
1269 450 1488 494 harmonia
1515 448 1643 507 hujus
1673 451 1836 490 natura

342 517 447 560 324
461 517 516 558 est
539 531 636 559 cum
666 518 760 561 aliis
787 519 1018 561 harmoniis
1050 528 1320 574 comparata:
1351 517 1615 576 perspicuum
1637 514 1710 566 est,
1729 526 1833 556 can-

458 591 529 627 tus
549 586 705 629 Dorios
724 586 880 629 discere
899 586 1036 643 magis
1054 601 1181 643 quam
1213 585 1323 627 ullos
1351 585 1471 636 alios,
1493 597 1649 641 pueros
1666 581 1834 625 decere.

456 653 567 697 Sunt
590 664 733 697 autem
762 656 849 698 duo
878 654 1117 712 spefflanda,
1137 654 1255 713 quod
1278 654 1364 696 fieri
1385 654 1534 711 potest,
1554 661 1605 695 et*
1618 650 1737 710 quod
1755 649 1832 693 de-

454 731 539 764 cet.
600 723 767 764 Etenim
788 737 837 766 ea
856 738 954 780 quae
982 723 1069 766 fieri
1100 722 1280 780 possunt,
1311 731 1356 764 et
1383 735 1481 779 quae
1509 733 1724 777 quemque
1750 718 1830 760 de-

453 798 568 841 cent,
592 790 808 834 tracianda
826 791 922 834 sunt
939 790 1096 848 potius,
1145 790 1332 833 Definita
1351 803 1474 847 porro
1494 788 1591 831 sunt
1611 787 1704 830 haee
1723 799 1832 844 quo-

452 873 537 916 que
559 859 783 901 aetatibus:
817 859 928 902 verbi
950 858 1085 911 causa,
1108 858 1160 901 iis
1193 858 1267 915 qui
1297 858 1418 900 annis
1437 855 1619 900 confeEU
1640 864 1687 899 et
1705 862 1842 900 aetater

454 926 595 968 defeffi
626 926 735 979 sunt,
756 927 870 970 haud
899 927 1023 970 facile
1052 928 1108 969 est
1138 934 1362 969 contentas
1381 934 1427 969 et
1446 939 1561 968 acres
1589 922 1830 967 harmonias

452 1010 617 1048 canere,
639 995 709 1038 sed
736 995 918 1038 remiffas
944 1005 1094 1040 natura
1122 995 1312 1052 suggerit
1331 994 1384 1038 iis
1402 994 1478 1051 qui
1499 993 1544 1037 id
1562 995 1700 1039 aetatis
1717 996 1827 1049 sunt.

453 1063 668 1106 Quocirca
687 1063 799 1106 reste
819 1064 946 1107 etiam
970 1064 1053 1106 hoc
1073 1063 1246 1118 nomine
1268 1063 1484 1106 Socratem
1515 1063 1830 1121 reprehendunt

452 1131 650 1174 nonnulli
669 1147 721 1174 ex
742 1132 794 1174 iis
814 1131 888 1189 qui
909 1131 952 1174 in
972 1132 1128 1186 musica
1147 1131 1372 1183 versantur,
1393 1130 1509 1189 quod
1531 1130 1713 1174 remissas
1730 1131 1828 1175 har-

451 1201 616 1243 monias
635 1201 679 1243 in
700 1200 959 1243 institutione
983 1215 1033 1243 ac
1060 1199 1280 1257 disciplina
1304 1214 1528 1256 puerorum
1551 1199 1824 1258 improbar-iu

448 1284 520 1311 eas
549 1269 761 1326 accipiens
793 1279 993 1326 tanquam
1025 1267 1282 1310 temulentas
1310 1275 1354 1310 et
1383 1267 1578 1320 ebriosas,
1601 1283 1686 1310 non
1712 1283 1765 1312 ex
1786 1268 1827 1312 vi

449 1345 493 1381 et
514 1337 716 1394 potestate
734 1336 966 1388 ebrietatis,
986 1335 1097 1393 quali
1119 1335 1260 1377 ebrios
1280 1335 1382 1377 item
1404 1335 1589 1378 efficiant
1604 1336 1825 1396 (majorem
1892 1375 1893 1378 ,

435 1405 562 1466 χεςῐιίιῃ
586 1405 670 1446 vim
693 1404 823 1447 habet
840 1403 1022 1446 ebrietas
1041 1402 1093 1445 ad
1112 1401 1296 1445 furorem
1325 1402 1586 1445 Bacchicum
1610 1403 1828 1449 incutien-
1864 1402 1867 1404 ’

448 1473 571 1528 dum)
595 1473 664 1515 sed
684 1481 884 1530 tanquam
913 1471 1153 1529 languidas,
1173 1470 1324 1514 fracias
1353 1485 1402 1513 ac
1431 1470 1620 1514 defessas.
1679 1473 1826 1518 Quare

447 1549 492 1584 et
511 1541 563 1583 ad
585 1549 752 1583 aetatem
775 1539 978 1592 suturam,
1000 1538 1274 1597 grandiorum
1304 1547 1410 1582 natu
1436 1538 1548 1591 dico,
1568 1548 1737 1596 oportet
1758 1550 1824 1586 ta.

445 1608 509 1652 les
542 1608 796 1660 harmonias,
817 1616 861 1650 et
887 1606 991 1649 tales
1019 1615 1168 1650 cantus
1195 1607 1412 1650 adhibere.
1470 1608 1674 1651 Praeterea
1691 1608 1717 1651 fi
1739 1624 1825 1667 qua

445 1677 545 1720 talis
579 1676 800 1719 harmonia
835 1675 908 1728 est,
943 1690 1038 1733 quae
1077 1675 1280 1732 puerilem
1317 1684 1486 1718 aetatem
1523 1675 1685 1729 deceat,
1721 1677 1826 1735 quia.

446 1745 570 1803 poffit
600 1751 896 1786 ornamentum
928 1742 1048 1785 fimul
1077 1751 1122 1785 et
1153 1742 1389 1786 doch-inam
1418 1743 1582 1796 afferre,
1605 1744 1742 1802 qualis
1769 1761 1824 1791 ex

446 1812 649 1856 omnibus
677 1811 908 1854 harmoniis
940 1810 1077 1868 Lydia
1105 1811 1289 1854 maxime
1319 1810 1516 1854 videturx
1547 1811 1590 1854 in
1619 1822 1823 1871 promptu

447 1882 521 1935 est,
541 1889 626 1923 tres
647 1879 751 1922 fines
771 1893 819 1921 ac
844 1878 975 1922 veluti
1005 1878 1206 1921 terminos
1226 1879 1268 1921 in
1292 1878 1550 1925 institutione
1568 1893 1618 1922 ac
1636 1879 1821 1938 discipli-

448 1963 504 1992 na
533 1948 612 1991 effe
641 1946 982 1990 constituendos:
1013 1946 1130 2005 quod
1158 1945 1350 1990 medium
1378 1947 1452 2000 est,
1478 1946 1596 2005 quod
1622 1946 1711 1991 fieri
1737 1963 1818 2011 po-

446 2016 541 2068 test,
562 2015 677 2073 quod
696 2014 835 2058 decet.
