1898 3308
453 178 544 234 586
899 182 1393 230 ARISTOTEms

454 299 597 343 cratiae
625 300 760 360 igitur
788 302 881 348 finis
911 306 984 349 hic
1009 307 1067 350 est
1092 307 1314 351 secundus.
1374 306 1492 353 Hinc
1511 313 1654 351 autem
1676 313 1827 351 natum

452 368 525 420 est,
547 383 691 426 parere
711 371 818 415 velle
842 374 1028 418 maxime
1055 375 1228 434 quidem
1258 373 1419 419 nemini
1441 391 1453 418 ε
1485 375 1543 418 fin
1571 374 1714 420 minu·
1741 373 1829 436 hoc

451 436 595 490 liceat,
616 447 659 481 at
686 439 857 484 vicissim
886 457 1046 500 parere.
1107 445 1254 502 Atque
1283 443 1365 487 hac
1394 443 1556 487 ratione
1574 442 1629 486 ad
1647 441 1825 486 liberta-

451 511 539 546 tem
560 500 725 550 confert
742 522 835 552 eam
856 525 955 567 quae
982 510 1027 552 in
1057 510 1298 568 aequalitate
1318 511 1449 569 pofita
1465 511 1538 554 est.
1598 510 1684 554 His
1699 522 1828 568 porro

450 571 684 629 suppositis,
714 583 759 618 et
791 576 866 619 tali
897 577 1102 635 principio
1130 579 1329 631 exstante,
1350 578 1451 622 t'alia
1473 578 1693 637 popularia
1710 577 1826 630 sunt,

449 653 599 683 omnes
633 643 897 700 magistratus
929 659 981 687 ex
1015 645 1215 688 omnibus
1251 645 1396 704 legere
1413 661 1426 688 ε
1462 659 1612 689 omnes
1647 644 1825 703 quidem

450 707 683 766 unicuique
703 710 921 768 imperare,
942 711 1011 755 sed
1032 727 1383 771 unumquemque
1401 712 1574 756 viciffim
1589 711 1821 756 omnibus:

448 780 715 837 magistratus
752 782 898 825 sortito
935 783 1123 841 mandari
1160 793 1236 828 aut
1268 799 1433 837 omnes,
1467 791 1543 827 aut
1577 782 1826 842 quicunque

444 846 569 890 usum
600 849 667 891 vel
697 858 831 893 artem
852 865 937 893 non
961 851 1209 909 requirunt:
1239 852 1506 911 magistratus
1522 867 1576 895 ex
1593 851 1719 895 censu
1747 859 1823 894 aut

448 916 570 958 nullo
601 926 676 960 aut
704 918 884 961 minimo
915 920 1130 963 mandari:
1162 935 1247 963 non
1275 921 1403 963 licere
1421 920 1562 964 eidem
1589 919 1656 963 bis
1684 918 1822 963 ullum

445 998 594 1040 gerere
616 986 918 1044 magistratum,
937 996 1013 1031 aut
1031 1002 1126 1030 raro
1145 997 1220 1032 aut
1240 1003 1411 1046 panem,
1431 997 1586 1045 praeter
1611 987 1788 1033 bellicos
1806 1003 1819 1030 τ

446 1051 562 1097 brevi
593 1061 783 1111 tempore
815 1054 1099 1098 circumscribi
1128 1070 1177 1099 ac
1206 1055 1423 1099 terminari
1448 1055 1727 1114 magistratus,
1742 1063 1820 1099 aut

444 1133 612 1173 omnes,
632 1131 706 1163 aut
723 1138 851 1180 quam
872 1123 1043 1180 plurimi
1066 1123 1259 1181 possunt:
1290 1138 1439 1167 omnes
1467 1124 1595 1185 rebus
1614 1122 1816 1182 judican-

443 1186 512 1229 dis
541 1189 723 1245 praeeffe,
744 1199 819 1232 aut
846 1206 899 1233 ex
927 1191 1146 1244 omnibus,
1163 1200 1237 1234 aut
1267 1191 1321 1235 de
1350 1192 1476 1235 rebus
1508 1193 1726 1247 omnibus,
1745 1201 1818 1237 aut

442 1254 498 1296 de
531 1255 723 1312 plurimis
756 1266 801 1300 et
828 1257 1038 1314 maximis,
1070 1268 1114 1302 et
1147 1259 1321 1302 maximi
1358 1259 1570 1317 ponderis,
1601 1267 1731 1318 atque
1763 1260 1817 1303 ad

441 1321 645 1365 summam
666 1339 806 1366 rerum
826 1325 1165 1381 pertinentibus:
1197 1326 1313 1369 verbi
1344 1326 1480 1380 eausa,
1500 1327 1555 1370 de
1580 1327 1815 1371 rationibus

438 1389 684 1443 referendis,
716 1402 761 1434 et
787 1392 1033 1450 reipublicae
1061 1393 1433 1448 administratione,
1453 1402 1498 1437 et
1522 1394 1577 1438 de
1607 1395 1733 1438 rebus
1760 1396 1815 1439 ab

438 1473 699 1519 unoquoque
717 1476 817 1504 cum
837 1476 1095 1519 unoquoque
1123 1462 1349 1505 contraEiis
1368 1479 1391 1505 ι
1411 1477 1540 1520 penes
1563 1463 1812 1507 concionem

439 1527 519 1569 effe
555 1527 758 1571 summam
797 1543 937 1571 rerum
973 1529 1165 1572 omnium
1198 1530 1459 1587 potestatem,
1495 1545 1623 1588 penes
1661 1545 1813 1588 quem-

320 1600 424 1642 235
439 1610 569 1652 quam
595 1597 900 1655 magistratum,
922 1597 1095 1651 nullius,
1114 1605 1189 1640 aut
1209 1613 1336 1656 quam
1366 1597 1720 1656 pauciffimarum,
1740 1609 1815 1643 aut

440 1679 569 1721 quam
603 1665 891 1719 minimarum,
926 1675 1001 1710 aut
1034 1682 1121 1709 non
1149 1667 1462 1711 maximarum:
1492 1666 1811 1726 magistratuum

435 1741 580 1774 autem
602 1734 786 1777 maxime
816 1734 1028 1792 popularis
1056 1735 1115 1777 est
1141 1735 1322 1788 senatus,
1343 1735 1415 1778 seu
1445 1734 1707 1778 consultandi
1734 1749 1810 1792 po-

434 1801 573 1852 testas,
605 1802 679 1844 ubi
710 1817 797 1844 non
830 1803 878 1845 fit
908 1804 1109 1846 omnibus
1140 1803 1347 1846 mercedis
1375 1802 1632 1861 accipiendae
1660 1803 1808 1861 eopia:

434 1868 508 1911 hic
526 1869 640 1912 enim
662 1870 855 1912 adimunt
881 1870 1010 1913 etiam
1042 1871 1143 1914 huic
1171 1870 1432 1929 magistratui
1451 1871 1725 1932 potestatem:
1755 1870 1810 1914 ad

433 1936 608 1993 seipsum
635 1938 749 1980 enim
780 1938 977 1996 populuS,
999 1938 1067 1981 cui
1100 1938 1219 1997 larga
1249 1953 1410 1981 merces
1429 1938 1645 1991 tribuitur,
1663 1938 1809 1982 omnia
1864 1997 1870 2002 ἱ

421 2004 587 2062 judicia
619 2015 804 2059 revocat,
835 2007 1196 2064 quemadmodum
1230 2017 1328 2050 ante
1358 2007 1469 2051 libro
1499 2008 1706 2064 superiore
1736 2008 1804 2051 di-

430 2074 546 2115 &um
566 2074 638 2115 est.
686 2075 890 2116 Praeterea
908 2074 1148 2117 mercedem
1170 2075 1301 2117 tribui
1322 2074 1508 2120 maxime
1525 2075 1698 2132 quidem
1714 2090 1807 2119 om-

430 2140 571 2192 nibus,
594 2141 1010 2199 concioni,judiciiS,
1033 2142 1374 2200 magistratibus:
1407 2142 1463 2184 fin
1484 2142 1643 2196 minus,
1666 2144 1807 2202 magi·

430 2208 621 2250 stratibus
655 2218 699 2251 et
725 2209 918 2267 judiciis,
950 2220 995 2252 et
1028 2209 1204 2262 senatui,
1241 2219 1283 2253 et
1319 2210 1596 2253 concionibus
1626 2210 1678 2254 iis
1707 2227 1807 2270 quse

427 2276 523 2319 sunt
543 2277 793 2335 principales
810 2294 821 2320 ε
853 2287 928 2320 aut
948 2278 999 2320 iis
1019 2277 1345 2335 magistratibus,
1366 2277 1438 2336 qui
1466 2293 1549 2320 una
1567 2277 1711 2333 cibum
1732 2294 1805 2322 ca·

426 2359 540 2402 pere,
564 2354 607 2387 et
626 2345 736 2388 inter
754 2345 793 2388 se
814 2345 1026 2388 convivari
1048 2345 1207 2388 neceffe
1236 2345 1409 2388 habent.
1469 2346 1673 2389 Praeterea
1691 2361 1801 2404 quo-

426 2412 538 2453 niam
559 2412 791 2470 oligarchia
810 2422 854 2454 et
872 2428 1045 2470 genere,
1066 2421 1110 2455 et
1137 2412 1315 2466 divitiis,
1336 2423 1381 2456 et
1403 2412 1622 2471 disciplina
1648 2414 1801 2457 defini-

426 2489 511 2531 tur,
534 2481 749 2537 popularia
769 2480 963 2523 videntur
982 2481 1061 2523 effe
1082 2480 1149 2523 his
1168 2480 1391 2534 contraria,
1411 2481 1582 2539 generis
1600 2482 1805 2540 ignobili-

424 2556 505 2599 tas,
528 2558 762 2604 paupertas,
785 2557 893 2590 artes
914 2548 1139 2590 illiberales
1158 2557 1203 2590 et
1221 2547 1412 2591 sordidae.
1473 2550 1674 2591 Praeterea
1699 2550 1801 2592 nul-

424 2614 515 2656 lum
546 2614 624 2656 effe
655 2615 942 2672 magistratum
971 2625 1242 2672 perpetuum.
1302 2615 1433 2658 Quod
1455 2616 1480 2658 fi
1501 2616 1596 2673 quis
1615 2631 1669 2659 ex
1687 2617 1799 2660 anti·

424 2697 510 2738 qua
533 2682 780 2739 reipublicae
808 2683 1163 2725 administratione
1194 2683 1417 2725 immutata
1436 2683 1607 2726 relietus
1622 2684 1685 2737 fit,
1706 2683 1799 2728 tum

422 2750 515 2807 ejus
554 2750 784 2806 potentiam
821 2750 1123 2793 circumcidere
1161 2760 1289 2808 atque
1324 2750 1604 2794 imminuere:
1643 2762 1688 2796 et
1725 2768 1800 2796 eos

421 2817 701 2875 magistratus,
724 2818 799 2876 qui
818 2819 1023 2876 suffragiis
1051 2819 1316 2871 creabantur,
1338 2818 1447 2862 sorte
1475 2833 1630 2863 creare.
1689 2821 1797 2864 Haec
