1968 3366
488 179 574 234 380
920 176 1418 225 ARISTOTELIS

469 308 552 344 >tas
573 314 625 342 ex
645 299 836 357 piuribus
855 299 958 343 vicis
978 303 1169 354 conflata,
1190 302 1335 345 civitas
1355 302 1426 355 est,
1447 316 1542 358 quae
1564 299 1617 343 ad
1637 295 1846 351 summ

480 366 588 424 jam,
606 368 730 410 ut'ita
748 369 902 420 dicam,
919 370 1055 411 omnis
1076 370 1223 427 copiae‚
1241 370 1365 412 bonis
1384 369 1581 411 omnibus
1599 366 1846 418 cumuhtaeq

489 434 679 492 nihilque
717 434 922 492 praeterea‘
952 437 1214 493 requirentis,
1254 437 1423 478 culmen
1463 434 1634 493 pervafit
1654 450 1666 476 ε
1705 431 1846 486 oriani

489 501 660 558 quidem
694 503 857 545 vivendi
887 504 1022 554 causa,
1053 503 1238 546 constans
1266 512 1407 545 autem
1427 503 1534 544 bene
1556 500 1722 543 vivendi
1740 513 1842 559 gra-⁴⁴

490 569 562 611 tia.
612 569 876 627 Quapropter
908 569 1056 612 civitas
1086 572 1223 612 omnis
1251 579 1397 612 natura
1431 570 1601 620 constat,
1641 567 1844 626 fiquidem

446 645 534 688 4et
553 637 695 692 primae
716 638 930 679 societates
955 639 1142 679 constant
1170 646 1333 679 natura.
1392 636 1507 678 Fini-s
1535 635 1647 678 enim
1676 634 1846 678 illarum

491 704 585 745 haec
613 705 684 745 est.
742 704 804 745 At
834 712 982 745 natura
1009 703 1100 745 finis
1130 705 1201 746 est.
1261 703 1401 746 Quale
1432 702 1544 744 enim
1575 698 1847 759 quidqmaest

491 780 587 813 ortu
617 771 708 828 ejus
737 771 927 813 absoluto
957 779 1083 828 atque
1100 770 1286 831 perfe&o
1306 772 1415 813 hanc
1434 769 1633 827 cujusque
1653 772 1845 812 naturam

492 838 571 880 effe
583 838 787 891 dicimus,
808 847 856 880 ut
876 838 1075 890 hominis,
1097 839 1210 895 equi,
1231 839 1397 880 domus.
1443 839 1644 880 Praeterea
1663 829 1847 894 idi'ciijue

491 905 629 962 gratia
646 920 711 947 res
730 906 793 958 fit,
813 914 856 947 et
876 905 1076 962 cujusque
1096 906 1155 948 rei
1183 906 1292 960 finis,
1312 906 1519 963 optimum
1549 903 1751 962 quiddam
1773 904 1847 947 est.

471 1023 475 1027 .
492 974 554 1014 At
568 973 689 1028 copia
709 973 792 1029 ipsa
811 973 891 1014 suis
909 972 1062 1028 opibus
1083 966 1246 1030 pol-lens
1261 981 1304 1014 et
1320 981 1532 1024 contenta,
1551 981 1596 1014 et
1610 970 1720 1014 nihii
1730 980 1849 1024 extra

492 1042 533 1084 se
563 1042 810 1093 defiderans,
831 1041 924 1083 finis
952 1041 1023 1093 est,
1049 1050 1094 1083 et
1111 1041 1344 1098 optimum.
1404 1043 1470 1083 Ex
1497 1041 1564 1083 his
1592 1040 1731 1098 igitur·
1751 1054 1847 1098 per-

490 1110 680 1167 spicuum
711 1110 782 1161 est,
812 1109 1022 1151 civitatem
1054 1109 1096 1151 in
1128 1110 1178 1151 iis
1206 1109 1331 1151 rebus
1357 1123 1452 1166 quae
1479 1117 1628 1151 natura
1642 1106 1849 1160 constant,

492 1177 571 1220 effe
592 1177 892 1220 numerandam
912 1193 922 1219 t
954 1186 997 1219 et
1018 1177 1233 1219 hominem
1255 1177 1379 1219 civile
1396 1176 1554 1219 animal
1572 1175 1654 1218 effe
1674 1175 1847 1218 notura:

493 1254 537 1287 et
564 1260 680 1296 eum,
701 1244 773 1302 qui
803 1253 962 1286 naturae
982 1244 1178 1301 impulsu,
1197 1259 1283 1286 non
1310 1244 1490 1287 fortunae
1510 1243 1650 1300 culpa,
1663 1240 1850 1287 civitatis

493 1313 542 1356 fit
560 1327 724 1369 expers,
745 1321 818 1353 aut
838 1311 916 1353 effe
937 1311 1192 1368 improbum,
1213 1320 1286 1354 aut
1316 1311 1490 1354 homine
1523 1310 1740 1368 meliorem
1759 1326 1776 1352 :-
1801 1316 1851 1370 nt

493 1380 544 1433 is,
565 1380 608 1421 in
629 1394 756 1436 quem
775 1379 828 1420 ab
849 1379 1039 1421 Homero
1058 1379 1140 1421 hoc
1160 1378 1432 1421 maledidum
1454 1377 1692 1435 conjefitum
1711 1378 1790 1431 est‚·'

609 1448 684 1490 Cui
702 1463 822 1505 neque
841 1446 964 1499 curia,
981 1463 1050 1488 nec
1067 1447 1129 1488 lex
1148 1446 1210 1504 est,
1228 1462 1350 1504 neque
1373 1446 1498 1502 Vesta,
1517 1443 1741 1504 Laresquess'

493 1516 593 1559 Non
616 1516 729 1558 enim
748 1515 876 1571 potest
896 1514 1115 1571 quisquam
1145 1514 1239 1556 talis
1266 1513 1484 1571 effe,'quin
1505 1527 1591 1556 uno
1616 1513 1853 1571 eodemque

495 1593 684 1640 tempore
716 1582 763 1624 fit
797 1590 840 1624 et
871 1581 971 1623 belli
1002 1581 1196 1638 cupidus,
1227 1581 1374 1637 utpote
1401 1580 1475 1637 qui
1503 1580 1670 1623 nullum
1693 1580 1852 1639 jugum

495 1650 604 1693 ferre
621 1650 736 1702 velit,
757 1649 1114 1707 quemadmodum
1135 1648 1348 1706 contingit
1367 1647 1410 1690 in
1430 1647 1684 1704 quibusdam<
1701 1647 1853 1691 velati-

495 1718 627 1760 libus.
685 1717 917 1760 Hominem
946 1715 1201 1759 autem-effe
1234 1715 1390 1758 animal
1419 1714 1542 1757 civile
1566 1714 1704 1772 magis
1726 1714 1853 1773 quam

458 1800 461 1803 ·
497 1785 688 1843 quamvis
721 1800 858 1842 apem,
883 1793 929 1827 et
956 1783 1134 1841 quodvis
1167 1783 1325 1825 animal
1353 1781 1669 1840 congregabile,
1697 1781 1854 1840 perspi-

498 1869 625 1898 cuum
660 1853 729 1895 est.
788 1852 911 1894 Nihil
945 1851 1058 1894 enim
1090 1850 1233 1893 frustra
1258 1850 1360 1893 facit
1386 1858 1548 1902 natura,
1578 1858 1630 1893 ut
1657 1849 1854 1893 dicimus.

499 1919 679 1962 Homini
711 1928 852 1962 autem
886 1918 961 1960 soli
991 1932 1044 1960 ex
1076 1917 1360 1960 animantibus
1393 1916 1527 1959 sermo
1564 1915 1748 1959 tributus
1782 1917 1854 1959 est.

499 1989 595 2029 Vox
630 1986 764 2044 igitur
787 1983 968 2043 jucundi
1005 1993 1049 2027 et
1080 1982 1240 2026 molesti
1272 1982 1543 2040 fignum‘est.
1591 1983 1857 2040 Quaptopter

500 2055 624 2097 etiam
659 2054 751 2096 aliis
787 2053 1071 2095 animantibus
1102 2051 1296 2109 suppetit.
1353 2052 1470 2094 Nam
1506 2049 1724 2107 hucusque
1755 2063 1856 2106 pro-

499 2122 631 2180 greffa
656 2123 712 2164 est
739 2136 883 2164 earum
916 2129 1078 2171 natura,
1102 2128 1153 2163 ut
1183 2118 1401 2161 molestum
1430 2126 1474 2161 et
1496 2116 1734 2176 jucundum
1765 2117 1857 2159 sen·

475 2221 478 2223 -
499 2190 623 2241 nant,
647 2198 690 2231 et
709 2190 817 2231 inter
836 2188 875 2230 se
894 2188 988 2230 haec
1006 2187 1252 2244 significent.
1282 2187 1428 2229 Sermo
1447 2194 1589 2228 autem
1608 2183 1663 2226 ad
1680 2183 1725 2226 id
1744 2183 1860 2241 quod

501 2257 676 2315 prodest,
715 2266 758 2299 et
794 2256 837 2298 id
877 2254 991 2312 quod
1036 2262 1176 2306 nocet,
1213 2253 1525 2306 declarandum,
1560 2252 1686 2295 valet.
1743 2253 1859 2309 Ergo

503 2325 631 2368 etiam
657 2324 709 2366 ad
739 2324 781 2366 id
805 2323 921 2380 quod
942 2322 1099 2380 justum
1126 2330 1254 2378 atque
1278 2320 1332 2363 ad
1362 2320 1405 2362 id
1431 2319 1550 2377 quod·
1573 2319 1768 2377 injustum
1788 2318 1860 2361 est.

504 2395 602 2435 Hoc
636 2392 745 2434 enim
782 2399 931 2447 praeter
965 2398 1136 2432 caeteras
1172 2388 1405 2430 animantes
1440 2386 1627 2430 hominis
1667 2386 1724 2429 cst
1761 2399 1859 2443 pro-

503 2459 659 2516 prium,
691 2466 739 2499 ut
770 2456 879 2498 solus
907 2456 1010 2498 boni
1039 2464 1084 2497 et
1115 2455 1231 2506 mali,
1251 2453 1350 2512 justi
1378 2463 1422 2496 et
1445 2453 1600 2511 injusti,
1621 2460 1666 2495 et
1683 2451 1862 2494 aliorum

504 2526 698 2569 fimilium
721 2524 879 2566 sensum
901 2523 1070 2565 habeat.
1114 2523 1176 2564 At
1194 2521 1344 2564 horum
1365 2520 1537 2563 societas
1555 2529 1602 2563 et
1617 2518 1862 2562 communio

505 2594 680 2635 domum
704 2591 804 2633 facit
823 2600 867 2632 et
887 2590 1118 2632 civitatem.
1165 2589 1285 2631 Prius
1307 2589 1440 2646 igitur
1467 2588 1524 2631 est
1551 2587 1717 2637 civitas,
1734 2600 1862 2643 quam

505 2658 673 2708 domus,
694 2667 737 2699 et
757 2655 1035 2712 unusquisque
1056 2655 1254 2697 nostrum.
1301 2653 1730 2711 Totum—enim'parte
1747 2651 1864 2709 prius

507 2724 585 2766 effe
604 2723 761 2765 neceffe
777 2724 847 2765 est.
889 2723 1002 2764 Nam
1024 2722 1050 2763 fi
1071 2721 1217 2772 homo,
1237 2720 1311 2778 qui
1328 2728 1467 2763 totum
1486 2718 1686 2777 quiddam
1707 2716 1862 2770 est,.in-

464 2797 492 2838 5
510 2800 658 2844 tereat,
677 2805 812 2848 neque
843 2803 930 2847 pes,
950 2803 1087 2845 neque
1115 2802 1262 2831 manus
1279 2787 1378 2842 erit,
1399 2786 1472 2830 nifi
1494 2801 1547 2830 ex
1565 2784 1863 2830 communione
