1898 3308
421 168 518 213 DE
558 163 985 212 REPUBLICA
1028 163 1110 208 tv.
1140 175 1186 218 4.
1421 170 1509 218 503

126 292 265 352 m
284 297 490 350 protem
519 298 573 334 ut
605 289 739 334 iidem
771 287 1029 351 consultant.
1054 295 1100 329 et
1121 285 1338 344 judicent.
1397 285 1512 328 Tum

125 359 441 411 mimum
456 359 539 406 fibi·
562 373 716 402 omnes
734 356 963 402 vendicant
989 365 1118 413 atque
1140 363 1355 412 arrogant,
1375 353 1512 412 pluri-

125 428 596 488 nequeamgistratue
625 427 666 471 se
693 440 844 485 gerere
873 424 985 483 poss'e
1015 431 1271 466 autumant:
1303 422 1376 464 sed
1394 431 1443 464 ut
1463 421 1626 466 ii-141

125 497 325 546 &bnt
342 509 548 556 pauperes
564 504 610 539 et
627 495 798 547 divites,
821 492 911 536 fieri
932 506 1017 535 non
1039 490 1188 549 potest.
1241 490 1515 546 Quapropter

125 565 203 614 bo*
223 574 367 624 pmcn
396 565 583 608 maxime
614 563 812 608 videntur
843 561 924 604 effe
955 558 1160 612 civitatis,
1191 557 1432 614 locupletes
1469 565 1516 599 et

125 643 322 694 egnum.
351 666 355 671 ·
382 635 595 679 Praeterea
625 632 730 690 quia
761 630 850 674 fere
881 629 944 672 illi
975 628 1154 687 quidem
1183 625 1308 685 pauci
1339 626 1451 677 sunt,
1471 625 1519 667 bi

127 703 374 750 verounum
392 719 404 746 ε
436 703 504 748 hae
525 701 785 760 potiflimum
811 708 953 758 partes
974 697 1177 740 videntur
1196 695 1276 738 effe
1296 694 1520 737 contrariae

128 784 183 816 ex
200 771 409 820 omnibus
425 769 642 829 particulis
670 768 874 813 civitatis.
937 767 1090 824 Itaque
1109 772 1154 807 et
1172 762 1421 821 reipublicae
1443 762 1520 805 ad-

130 838 607 890 ministmdwformas
631 852 712 895 pro
746 836 897 879 harum
931 834 1116 893 partium
1146 832 1452 889 exsuperantiis
1478 840 1524 873 et

130 907 381 966 prostantiie
409 907 704 953 constituunt:
757 905 943 962 duaeque
981 903 1181 946 videntur
1219 901 1300 944 effe
1337 900 1525 943 civitatis

129 960 472 1021 administrai‘ndae
519 975 686 1027 formae,
726 973 988 1017 democratia
1021 983 1068 1014 et
1106 969 1358 1030 oligarcbia.
1431 969 1526 1013 Effe

131 1044 267 1104 igitur
285 1043 428 1102 plures
443 1043 694 1102 reipublicae
723 1040 1066 1085 administrandae
1087 1039 1261 1091 formas,
1280 1048 1324 1081 et
1342 1053 1449 1096 quas
1467 1038 1526 1080 ob

133 1113 280 1158 causas
294 1113 377 1156 {int
395 1113 556 1172 plures,
576 1112 742 1154 dietum
763 1112 820 1154 est
841 1119 981 1153 antea.
1042 1110 1176 1152 Nunc
1200 1117 1343 1150 autem
1374 1117 1420 1150 et
1448 1106 1526 1149 de-

133 1181 353 1225 mocratiae
391 1189 439 1226 et
473 1179 723 1239 oligarchiae
761 1179 842 1222 effe
882 1178 1004 1236 plura
1043 1191 1201 1236 genera
1239 1175 1525 1220 ostendamus.

135 1249 263 1299 Licet
295 1263 396 1294 vero
427 1249 515 1292 boo
546 1248 788 1307 intelligere
817 1247 946 1290 etiam
977 1261 1032 1289 ex
1062 1245 1116 1288 iis
1145 1260 1241 1303 quae
1268 1244 1384 1287 dicia
1413 1244 1526 1289 sunt.

138 1319 262 1363 Plura
281 1319 399 1371 enim
419 1333 584 1378 genera
602 1319 699 1361 sunt
719 1326 764 1360 et
784 1315 946 1374 populi,
967 1324 1013 1358 et
1030 1330 1179 1358 eorum
1211 1314 1285 1372 qui
1316 1314 1417 1357 clari
1445 1329 1526 1357 no-

135 1388 326 1446 bilesque
341 1387 573 1432 dicuntur:
606 1386 725 1430 verbi
745 1386 899 1445 gratia,
921 1383 1070 1442 populi
1099 1398 1238 1442 genus
1265 1398 1399 1427 unum
1421 1399 1528 1427 con-

136 1458 317 1502 stituunt
333 1456 552 1516 agricolae,
573 1456 688 1500 aliud
708 1454 906 1507 artifices,
928 1453 1045 1497 aliud
1067 1467 1282 1511 caupones
1309 1463 1355 1497 et
1384 1453 1527 1497 foren-

136 1527 218 1583 ses,
237 1525 431 1573 eosdico
454 1525 543 1584 qui·
563 1534 847 1571 mercaturam
879 1522 923 1566 in
955 1522 1135 1569 urbibus
1164 1522 1345 1575 faciunt,
1367 1523 1531 1582 quique

137 1594 400 1641 iti->emendo
429 1605 475 1639 et
507 1594 732 1638 vendendo
763 1594 893 1636 vitam
929 1600 1187 1641 conterunt:
1220 1591 1353 1645 aliud,
1384 1592 1459 1649 qui
1486 1591 1530 1634 in

139 1665 248 1711 mari
268 1664 425 1708 affidue
444 1664 676 1707 versantur.
735 1664 882 1720 Atque
903 1661 1031 1719 hujus
1050 1661 1220 1719 generis
1240 1661 1312 1703 alii
1333 1660 1429 1704 sunt
1449 1659 1533 1702 mi-

139 1734 299 1786 litares,
318 1733 392 1776 alii
411 1732 604 1791 pecuniae
625 1730 832 1775 faciendae
862 1730 998 1774 studio
1027 1729 1180 1783 dediti,
1206 1728 1276 1772 alii
1307 1729 1536 1786 portitores

142 1816 194 1847 ac
217 1801 484 1860 .-traje&0res,
505 1799 576 1843 alii
606 1800 849 1858 piscatores.
907 1798 1065 1842 Multis
1095 1797 1211 1840 enim
1246 1797 1289 1840 in
1320 1797 1428 1840 locis
1457 1797 1538 1840 ho-

141 1886 239 1916 rum
269 1884 481 1930 generum
514 1868 776 1927 (iugulorum
810 1882 968 1925 magna
997 1867 1124 1910 turba
1155 1868 1241 1910 est:
1274 1875 1323 1909 ut
1352 1866 1535 1924 piscato-

143 1956 241 1984 rum
259 1938 437 1985 Tarenti
456 1947 503 1984 et
520 1937 737 1997 Byzantii,
758 1937 983 1980 hominum
1006 1936 1057 1979 in
1072 1935 1318 1979 triremibus
1347 1950 1536 1993 occupa-

143 2018 289 2055 torum
311 2007 526 2053 Athenis:
558 2017 861 2057 mercatorum,
893 2005 938 2047 in
967 2004 1129 2063 AEgina
1156 2014 1203 2047 et
1231 2005 1373 2048 Chio:
1407 2004 1536 2063 traje-

145 2080 314 2124 &orum
346 2092 399 2121 ae
430 2076 705 2134 portitorum,
744 2074 787 2116 in
825 2073 1017 2117 Tenedo.
1080 2075 1234 2117 Praeter
1274 2074 1353 2116 hos
1391 2084 1538 2117 autem

143 2147 243 2192 sunt
261 2147 293 2190 ii
310 2145 387 2205 qui
405 2144 546 2203 operis
564 2153 610 2186 et
629 2143 828 2186 manibus
845 2142 928 2185 suis
950 2141 1110 2185 vietum
1124 2143 1301 2200 'pai-ant,
1324 2143 1540 2201 vitamque

146 2216 359 2261 tolerant:
390 2223 435 2258 et
465 2227 651 2271 quorum
682 2212 742 2255 ita
775 2211 916 2254 tenuis
948 2219 993 2254 et
1023 2212 1199 2270 angusta
1227 2227 1293 2254 res
1322 2212 1540 2255 familiaris

146 2285 222 2338 est,
242 2295 291 2327 ut
309 2298 395 2326 non
416 2282 544 2326 liceat
563 2282 625 2324 eis
645 2280 822 2323 otiosam
845 2280 976 2323 vitam
999 2279 1171 2338 degere.
1234 2281 1443 2324 Praeterea
1461 2282 1539 2324 ali-

147 2356 221 2414 qui
249 2356 346 2398 sunt
374 2369 459 2398 non
491 2368 546 2397 ex
574 2361 760 2409 utroque
789 2351 884 2394 cive
916 2350 1055 2404 liberi,
1077 2359 1122 2393 et
1142 2350 1166 2392 fi
1189 2350 1306 2408 quod
1329 2351 1414 2394 tale
1432 2351 1542 2395 alius

148 2422 440 2467 multitudinis
460 2436 600 2481 genus
619 2421 691 2463 est.
751 2418 981 2462 Nobilium
1010 2428 1154 2461 autem
1175 2428 1220 2462 et
1240 2419 1450 2462 clarorum
1475 2421 1539 2463 vi-

148 2507 292 2537 rorum
324 2491 397 2534 alii
430 2504 486 2533 ex
515 2488 677 2532 divitiis
713 2487 949 2532 claritatem
986 2487 1205 2530 consecuti
1237 2487 1348 2540 sunt,
1383 2489 1454 2531 alii
1486 2505 1540 2532 ex
1560 2497 1659 2540 142

150 2560 388 2620 praestantia
401 2558 587 2617 generis,
601 2557 672 2599 alii
692 2571 744 2599 ex
766 2556 939 2607 virtute,
957 2555 1029 2598 alii
1046 2571 1099 2599 ex
1119 2556 1314 2599 doctrina
1334 2567 1378 2599 et
1400 2559 1543 2601 {imili-

149 2630 248 2682 bus,
263 2643 362 2687 quae
377 2643 431 2671 ex
446 2626 603 2670 eadem·
614 2623 852 2673 differentia
867 2623 1088 2668 dicuntur.
1119 2624 1396 2668 Democratia
1411 2626 1546 2684 igitur

151 2698 289 2757 prima
318 2697 376 2739 est
409 2711 465 2738 ea
490 2710 589 2752 quae
625 2708 677 2737 ex
712 2692 956 2750 aequalitate
990 2691 1175 2735 maxime
1205 2693 1259 2736 fic
1291 2694 1543 2752 appellatur.

153 2764 463 2822 AEqualitatem
493 2762 608 2805 enim
645 2760 778 2804 edicit
809 2760 879 2803 lex
909 2775 959 2803 ea
992 2775 1090 2818 quae
1118 2760 1365 2819 hujusmodi
1391 2762 1544 2806 demo-

153 2835 297 2878 eratiae
331 2834 404 2887 est,
428 2845 596 2890 ‚nempe
632 2839 681 2874 ut
717 2828 857 2877 nihilo
893 2829 988 2886 plus
1025 2830 1102 2872 sint
1141 2829 1381 2888 locupletes
1415 2847 1545 2888 quam

791 2910 822 2940 K
846 2897 877 2939 k
897 2911 926 2951 4
