1898 3308
448 151 492 196 D
505 153 555 195 E.
571 150 624 195 ³1³
637 149 958 209 repansum
974 150 1033 194 A]
1056 151 1129 194 11.¹
1150 153 1220 194 ,ι’-ο.
1412 151 1498 208 447

262 268 266 278 ’
285 270 471 332 fflffitt
502 272 578 318 sed·
588 271 915 319 Corinthiorum
937 270 1243 333 assgnossaloemm
1266 273 1313 317 fit
1334 273 1378 317 in
1398 288 1504 318 con-

146 333 173 346 v*
226 340 490 405 :mmuh
523 342 703 386 alnetum
737 339 835 386 no'n
858 340 921 386 (it.
958 341 1242 388 Fabulantur
1270 343 1402 395 enim,
1425 354 1505 392 eoa

356 409 514 455 debu-a
534 411 633 455 fieri
651 414 703 455 dc
730 410 857 454 locari
872 410 1068 470 juffiffe.
1103 409 1302 454 Dioclem
1323 411 1501 468 quidem

115 457 291 539 propter
309 477 455 522 odium
477 479 732 523 calamitatis
751 489 957 538 acceptae,
979 489 1029 523 ut
1050 493 1170 522 neex
1191 477 1401 536 sepulchri
1422 494 1502 538 ag-

2 587 3 590 ,
46 593 50 596 ,
114 558 220 610 gom
235 559 340 605 ager
358 547 613 592 Corinthius
633 548 809 607 prospici
829 548 982 607 pofl‘et:
1007 546 1262 599 Philolaum‚
1282 558 1332 589 ut
1352 548 1497 604 poffet.
1515 555 1577 599 81

51 607 59 630 ³
117 606 416 659 Habitabant'
406 616 540 675 igitur
561 626 732 675 propter
758 616 887 660 talem
921 616 1086 660 causam
1118 616 1230 673 apud
1250 616 1500 659 Thebanos.

115 681 258 740 Leges
287 691 433 727 autem
468 685 531 728 eis
566 685 723 744 scripsit
757 685 991 738 Philolaus,
1026 699 1126 728 cum
1161 683 1216 727 de
1248 684 1502 741 quibusdam

36 763 46 803 g
115 748 210 793 aliis
236 752 379 806 rebus,
401 763 494 796 tum
523 753 578 796 de
610 753 902 812 procreatione
932 753 1181 805 liberorum,
1213 767 1317 810 quas
1350 761 1503 796 vocant

38 811 49 850 ἶ
115 816 180 874 illi
209 818 330 879 leges
350 815 567 879 pofititias‚
589 822 676 874 seu,
701 823 727 864 si
749 821 859 864 mibi
887 822 946 864 ita
972 821 1093 879 loqui
1114 820 1175 863 fas
1196 821 1269 874 est,
1291 821 1499 879 pofitivas.

43 935 52 947 5
95 885 260 947 *gitque
281 886 365 931 hoc
383 889 550 946 proprie
578 889 751 948 legibus
783 888 869 932 illis
899 890 1175 933 constitutum
1199 890 1272 942 est,
1294 899 1342 932 ut
1362 889 1500 932 bono-

27 951 49 1015 J
67 999 69 1002 ,
113 967 228 1013 mm,
247 970 345 1015 quae
363 957 523 1016 cuique
542 957 652 1001 forte
671 958 934 1016 obtigifl'ent‚
955 968 998 1001 et
1021 958 1320 1001 haereditatum
1346 973 1501 1002 nume-

27 1030 30 1036 '
110 1037 187 1071 111⁸
205 1023 405 1089 servetur.
467 1026 707 1070 Charondae
733 1038 876 1071 autem
908 1027 1015 1070 nihil
1047 1027 1264 1086 proprium
1293 1028 1366 1080 est,
1389 1043 1501 1086 prae-

32 1119 42 1146 3
114 1100 308 1152 tei-quam
329 1093 526 1140 falsorum
547 1096 885 1140 testimoniorum
906 1096 1097 1139 aaiones
1117 1106 1160 1140 et
1173 1096 1354 1155 judicia.
1415 1097 1504 1141 Pri-

29 1160 34 1181 ⁵
115 1172 214 1207 mus
242 1163 357 1207 enim
388 1164 456 1208 his
485 1165 541 1209 de
570 1167 697 1209 rebus
718 1175 914 1209 accurate
934 1165 1223 1208 confideravit.
1285 1166 1503 1225 Exquifita

28 1230 42 1276 J
104 1239 261 1284 ‚autem
294 1241 339 1277 et
373 1233 516 1280 subtili
552 1234 702 1292 legum
738 1234 1054 1277 scribendarum
1085 1233 1265 1287 ratione,
1295 1234 1503 1278 latoribus

115 1297 265 1358 legum
285 1300 338 1344 iis
357 1301 432 1359 qui
451 1301 582 1345 hodie
607 1302 719 1355 sunt,
740 1302 897 1345 cultior
916 1317 965 1345 ac
987 1302 1161 1360 politior
1189 1304 1262 1345 est.
1323 1304 1502 1348 Philolai

114 1377 259 1415 autem
279 1369 446 1428 propria
471 1372 529 1414 est
558 1371 769 1414 bonorum
797 1379 843 1414 et
869 1370 929 1414 rei
961 1370 1178 1414 familiaris
1206 1371 1500 1429 inaequalitas:

117 1434 320 1491 Platonis,
341 1453 524 1482 uxorum
550 1447 595 1482 et
623 1438 854 1482 liberorum
875 1448 920 1482 et
938 1438 998 1482 rei
1019 1438 1237 1482 familiaris
1258 1441 1503 1484 communi-

114 1513 196 1561 tas,
213 1515 258 1562 et
275 1507 451 1565 publica
469 1507 694 1551 mulierum
718 1508 924 1552 convivia.
986 1509 1191 1552 Praeterea
1205 1508 1275 1552 lex
1295 1509 1348 1553 ad
1369 1511 1509 1554 ebrie-

73 1625 75 1627 ,
116 1569 250 1621 tatem
271 1574 505 1635 pertinenia,
525 1585 574 1621 ut
594 1576 722 1619 sobrii
742 1577 819 1620 fint
845 1576 1032 1635 magistri
1055 1593 1065 1619 z
1098 1586 1143 1620 et
1161 1577 1232 1621 lex
1259 1577 1314 1621 de
1341 1580 1505 1623 exerci-

115 1641 279 1686 tatione
306 1658 447 1688 rerum
479 1644 748 1699 bellicarum,
774 1656 821 1688 ut
843 1646 1074 1704 aequimani
1096 1646 1199 1690 fiant
1228 1647 1504 1692 meditandoz

115 1709 228 1769 quali
248 1720 445 1770 oporteat
465 1723 678 1771 utranque
699 1729 874 1757 manum
905 1713 984 1756 effe
1015 1714 1182 1770 utilem,
1210 1730 1294 1758 non
1328 1716 1506 1760 alteram

113 1779 286 1833 utilem,
305 1779 484 1825 alteram
505 1781 719 1825 inutilem.
780 1783 990 1825 Draconis
1010 1792 1153 1825 autem
1181 1782 1302 1841 leges
1330 1785 1508 1842 quidem

115 1848 214 1892 sunt
231 1848 404 1908 aliquae,
419 1849 489 1894 sed
511 1851 581 1893 ille
598 1850 838 1894 constitutae
850 1850 941 1909 jam
964 1851 1212 1909 reipublicae
1234 1852 1352 1910 leges
1369 1854 1506 1899 dedit.

119 1916 340 1977 Proprium
353 1928 496 1965 autem
515 1918 558 1960 in
576 1918 642 1962 his
659 1918 830 1976 legibus
848 1918 955 1962 nihil
972 1920 1045 1971 est,
1061 1919 1369 1978 quod‘quidem
1388 1938 1509 1966 com-

117 1985 428 2034 memoratione
450 1986 635 2045 dignum
656 1986 719 2040 fit,
741 1995 896 2045 praeter
924 1987 1124 2030 saevitiam
1144 1997 1188 2030 et
1210 1989 1507 2044 acerbitatem,

115 2048 290 2114 propter
310 2070 448 2114 poenae
464 2055 826 2114 magnitudinem.
875 2055 972 2098 Fuit
987 2066 1131 2099 autem
1153 2067 1196 2100 et
1220 2058 1421 2113 Pittacus,
1442 2059 1507 2102 le-

115 2139 223 2183 gum
236 2123 414 2183 quidem
427 2123 586 2183 opifex,
598 2124 668 2167 sed
682 2139 767 2167 non
781 2123 1030 2182 reipublicae
1043 2125 1393 2172 administrandae.
1416 2130 1509 2172 Lex

117 2201 261 2236 autem
295 2191 390 2251 ejus
422 2192 589 2252 propria
618 2193 690 2246 est,
723 2201 772 2236 ut
802 2192 827 2235 fi
861 2208 991 2250 quem
1020 2193 1129 2236 ebrii
1159 2194 1380 2252 pulsariut,
1405 2212 1508 2256 gra-

49 2291 54 2295 ·
119 2260 256 2305 viores
288 2276 434 2320 poenas
469 2260 589 2314 dent,
622 2276 752 2320 quam
796 2261 822 2303 fi
865 2261 960 2303 ficei
999 2261 1219 2320 pulsarint.
1282 2265 1510 2322 Propterea

117 2330 234 2374 enim
265 2329 381 2389 quod
415 2329 556 2388 plures
590 2329 818 2373 temulenti
855 2339 984 2387 atque
1025 2331 1150 2384 ebrii,
1187 2333 1429 2389 petulantes
1463 2344 1509 2378 et

19 2392 27 2407 ⁵
52 2408 63 2418 ·’
118 2398 412 2443 contumeliosi
433 2398 511 2442 fint
530 2398 573 2441 in
595 2398 794 2451 alterum,
816 2414 946 2457 quam
975 2399 1070 2442 ficei
1093 2407 1137 2443 et
1158 2401 1280 2444 sobrii
1302 2419 1312 2445 ε
1346 2419 1432 2446 non
1452 2404 1508 2447 ad

117 2467 368 2527 ignoscendi
397 2467 603 2511 rationem
628 2467 844 2526 spectavit,
867 2467 996 2510 ebriis
1023 2469 1162 2527 magis
1181 2471 1261 2513 effe
1283 2471 1505 2530 ignoscen-
1522 2479 1590 2522 82

48 2531 51 2534 ’
85 2537 88 2539 ’
117 2530 254 2581 dum:
285 2536 355 2580 sed
374 2537 429 2580 ad
450 2536 573 2579 utile.
634 2536 733 2580 Fuit
752 2545 796 2579 et
814 2536 1112 2580 Androdamas
1144 2538 1370 2598 Rheginus
1398 2542 1510 2585 lator
1586 2582 1588 2584 ,

117 2603 264 2667 legum
303 2605 654 2650 Chalcidensibus
687 2606 903 2659 Thraciis,
939 2607 1065 2666 cujus
1102 2609 1262 2652 exstant
1295 2610 1416 2669 leges
1455 2611 1511 2656 de

118 2673 310 2736 oaedibus
332 2684 377 2719 et
395 2674 450 2718 de
470 2674 625 2733 puellis
653 2675 785 2728 orbis,
807 2675 860 2718 ad
889 2690 995 2734 quas
1025 2676 1144 2720 venit
1173 2678 1314 2720 omnis
1334 2690 1509 2737 paterna

118 2743 360 2789 haereditas.
421 2743 546 2788 Nihil
567 2752 709 2787 tamen
731 2744 952 2802 quisquam
984 2743 1075 2803 ejus
1108 2746 1327 2805 proprium
1354 2747 1515 2792 referre
