1942 3320
461 180 544 233 418
895 174 1389 250 ARISTOTELIS

459 309 602 345 autem
624 309 670 345 et
686 302 933 358 artificibus,
952 310 1095 348 utrum
1122 303 1282 348 nullius
1309 302 1590 361 magistratus,
1608 316 1660 346 an
1688 299 1827 355 ,alicuff

450 368 526 426 jus
546 368 623 425 fint
639 370 888 430 participes:
918 379 963 416 et
980 380 1121 416 utrum
1146 371 1225 414 hos
1253 386 1426 429 quoque
1443 385 1560 414 arma
1576 370 1750 428 gestate,
1781 373 1828 418 et

459 437 563 480 belli
595 437 773 497 gerendi
805 439 1090 486 communiter
1118 454 1228 482 onus
1258 438 1464 491 sustinere,
1493 452 1645 491 necne,
1674 435 1827 488 biuda

460 506 588 548 rebus
626 506 737 563 nihil
771 507 963 551 distinete
1000 506 1258 565 explicavit:
1307 506 1376 550 sed
1415 505 1612 550 mulieres
1649 504 1826 564 quidem

460 573 665 618 existimat
696 590 782 618 una
815 590 914 619 cum
950 575 1048 618 viris
1077 574 1178 618 belli
1211 570 1365 617 munus
1395 574 1609 628 sustineres
1634 571 1824 631 eteius-

460 640 559 689 dem
581 650 709 700 atque
735 642 924 686 custodes
953 641 1224 687 institutionis
1252 641 1475 699 participes
1499 641 1579 684 esse
1601 648 1824 698 oporteret

461 711 688 768 caeteroqui
721 710 982 754 sermonibus
1014 725 1040 753 a
1071 725 1115 754 re
1144 709 1293 754 alienis
1328 709 1656 765 disputationem
1691 716 1827 761 totam

461 777 634 832 refersit,
675 788 720 821 et
751 778 887 836 qualis
921 778 1076 822 debeat
1105 778 1184 821 effe
1221 777 1437 821 custodum
1478 776 1714 835 disciplina,
1746 790 1825 826 ex-

463 845 613 902 posuit.
672 845 792 888 Libri
819 854 962 889 autem
994 845 1049 890 de
1074 845 1242 903 legibus
1276 844 1460 888 maxima
1487 859 1540 888 ex
1568 852 1686 902 parte
1709 842 1828 902 lem

380 913 577 960 48sunt:
610 928 746 971 pauca
775 913 818 956 in
851 913 913 956 eis
941 913 999 956 de
1025 912 1268 970 reipublicae
1298 911 1631 956 administrandae
1663 911 1828 966 ratione

462 982 587 1025 verba
621 982 751 1025 fecit:
782 991 911 1040 atque
943 982 1054 1025 hanc
1086 982 1190 1025 dum
1228 982 1320 1025 vult
1352 981 1689 1025 communiorem
1705 979 1828 1033 ¹¹civi-

436 1049 542 1097 ‘bus
571 1050 749 1103 efficere,
786 1049 990 1107 paulatim
1020 1065 1116 1093 eam
1145 1050 1191 1092 in
1219 1049 1344 1092 aliam
1375 1047 1618 1107 reipublicae
1646 1047 1826 1101 sormam

459 1117 752 1176 circumagens
790 1118 922 1162 fleffit
961 1133 1011 1161 ac
1044 1118 1283 1175 detorquet.
1342 1118 1531 1174 Excepto
1562 1116 1691 1168 enim3
1710 1115 1828 1174 quod

460 1200 631 1239 uxores,
671 1194 715 1229 et
752 1186 925 1239 liberos,
962 1193 1007 1228 et
1043 1185 1265 1228 facultates
1304 1184 1395 1228 vult
1439 1184 1519 1235 effe
1560 1193 1826 1238 communes,

461 1262 625 1309 ³caetera·
652 1254 800 1300 eadem
836 1253 1006 1311 utrique
1041 1253 1281 1311 reipublicae
1313 1251 1648 1304 administranda
1680 1251 1828 1301 formo

459 1319 669 1364 attribuit.
726 1323 929 1380 Namque
950 1336 1049 1364 cum
1070 1320 1237 1378 utrique
1263 1320 1467 1363 adscribat
1495 1319 1672 1363 eandem
1687 1318 1827 1369 duci-

459 1387 637 1445 plinam,
670 1397 763 1432 tum
790 1387 1104 1432 immunitatem
1136 1386 1450 1431 necessariorum
1482 1387 1555 1431 dat
1585 1402 1828 1443 munerum,

460 1456 677 1516 vitamque
695 1458 747 1511 ab
765 1456 883 1500 omni
903 1455 1040 1514 operis
1059 1455 1275 1499 functione
1297 1469 1474 1498 vacuam
1500 1469 1551 1498 ac
1578 1454 1754 1502 solutam
1785 1461 1836 1503 ,εἴ

460 1523 514 1566 de
532 1524 737 1568 conviviis
754 1538 804 1568 ac
822 1522 1022 1575 sodalitiis
1041 1523 1191 1566 eodem
1209 1522 1340 1566 modo
1358 1522 1498 1566 statuit
1512 1539 1525 1566 ε
1555 1521 1632 1565 nifi-
1646 1523 1764 1580 quod
1784 1523 1827 1567 in

459 1590 541 1634 hac
573 1592 634 1636 ait
667 1591 897 1636 mulierum
929 1605 1100 1649 quoque
1131 1590 1321 1633 sodalitia
1351 1590 1432 1634 effe
1459 1598 1652 1648 oportere
1665 1607 1693 1633 ι
1709 1600 1754 1637 et
1782 1591 1826 1637 in

457 1659 531 1702 illa
549 1659 724 1718 quidem
743 1659 860 1702 mille
879 1659 1090 1711 homines,
1109 1658 1182 1716 qui
1208 1672 1326 1701 arma
1351 1667 1515 1716 gerant,
1533 1658 1613 1702 effe
1632 1659 1750 1709 vulti:
1766 1659 1825 1708 jn

438 1747 441 1748 ⁷
459 1726 540 1770 hac
559 1727 761 1785 quinque.
822 1725 1035 1768 Eximium
1058 1725 1191 1783 igitur
1209 1724 1410 1783 quiddam
1428 1724 1649 1768 continent
1674 1726 1825 1771 Socra-

461 1795 516 1837 tis
544 1795 771 1847 sermones,
803 1802 847 1837 et
873 1794 1121 1852 gloriosum,
1156 1805 1201 1836 et
1234 1793 1526 1851 magnificum,
1555 1801 1600 1836 et
1630 1793 1828 1850 novitatis

459 1858 647 1920 plenum{
669 1871 713 1906 et
732 1862 1034 1921 quaestionibus
1062 1860 1279 1921 refertum.
1340 1860 1487 1904 Pulcre
1514 1870 1656 1904 autem
1685 1863 1829 1907 omnia

458 1932 502 1974 in
523 1932 584 1974 eis
603 1931 683 1973 effe
702 1931 856 1973 tradita
886 1945 935 1972 ac
962 1923 1182 1987 descripta,
1203 1928 1366 1972 fortaffe
1394 1929 1564 1972 difficile
1593 1930 1664 1972 est.
1721 1931 1824 1974 Ete-

458 1999 549 2042 nim
576 1997 691 2056 quod
724 1998 778 2040 ad
812 1997 927 2040 illam
961 2013 1059 2055 quae
1089 2012 1204 2040 nunc
1231 2011 1258 2038 a
1285 2011 1356 2039 me
1385 1996 1503 2040 dissa
1525 1997 1598 2049 est,
1625 1996 1826 2041 multitu·

459 2068 603 2110 dinem
623 2067 790 2118 attinet,
811 2066 970 2108 nemini
991 2066 1213 2108 obscurum
1234 2065 1314 2107 effe
1333 2064 1475 2118 debet,
1495 2073 1562 2108 tot
1581 2065 1827 2110 hominibus

456 2153 562 2195 agro
590 2136 843 2194 Babylonio,
864 2144 939 2178 aut
964 2135 1109 2192 aliquo
1136 2134 1220 2177 alio
1248 2134 1457 2177 immenso
1479 2149 1590 2192 opus
1615 2134 1825 2191 futurum,

457 2206 571 2249 unde
589 2207 778 2263 quinque
797 2204 932 2247 millia
951 2204 1134 2247 virorum
1157 2203 1384 2246 otiosorum
1413 2202 1594 2256 alantur,
1613 2212 1659 2247 et
1671 2213 1828 2262 *pr-nter

457 2275 536 2317 hos
556 2275 686 2317 altera
713 2272 939 2315 mulierum
961 2280 1006 2314 et
1025 2271 1282 2314 famulorum
1312 2271 1440 2314 turba>
1463 2271 1609 2314 multis
1636 2272 1827 2329 partibus

457 2342 606 2400 major,
666 2342 848 2398 Oportet
875 2340 1007 2398 igitur
1036 2348 1229 2396 optatum
1259 2339 1472 2396 quoddam
1497 2338 1698 2397 supponi,
1718 2340 1825 2385 nihil

456 2418 597 2453 tamen
620 2409 824 2468 ejusmodi
844 2407 961 2466 quod
988 2407 1076 2450 fieri
1107 2422 1190 2449 non
1222 2407 1357 2464 poffit.
1397 2406 1584 2451 *Dicitur
1607 2415 1750 2453 autem
1770 2410 1825 2453 ab

456 2493 523 2530 en,
557 2477 735 2520 latorem
769 2476 879 2535 legis
912 2475 955 2517 in
990 2474 1219 2517 scribendis
1252 2482 1295 2516 et
1326 2473 1509 2516 ferendis
1539 2474 1709 2532 legibus
1737 2475 1826 2520 duo

455 2546 639 2603 spe&are
667 2554 873 2602 oportere,
894 2544 1037 2587 locum
1057 2550 1102 2586 et
1120 2542 1332 2586 homines.
1393 2540 1601 2586 Praeterea
1626 2555 1827 2602 ver-opat

455 2614 511 2655 est
529 2613 684 2657 addere
703 2613 838 2655 etiam·
851 2612 944 2654 loca
972 2610 1150 2653 finitima
1178 2624 1226 2652 ac
1254 2609 1407 2661 vicina,
1428 2609 1458 2651 fi·
1476 2608 1626 2653 civiuas
1653 2610 1825 2658 civilem

455 2681 552 2723 vitae
574 2681 736 2723 cultum
759 2680 938 2729 retinere
957 2678 1100 2722 debet.
1157 2677 1259 2720 Non
1279 2675 1393 2719 enim
1423 2676 1579 2719 necesse
1598 2676 1824 2730 folumest,

453 2764 546 2792 eam
566 2748 720 2791 talibus
739 2747 791 2791 ad
813 2746 974 2790 bellum
1002 2745 1237 2803 gerendum
1264 2743 1394 2788 armis
1412 2743 1483 2786 uti
1496 2758 1592 2801 quae
1609 2743 1653 2787 in
1673 2743 1824 2788 dome-

453 2816 561 2859 sticis
600 2815 756 2858 finibus
789 2814 912 2858 utilia
943 2813 1051 2856 fint:
1090 2827 1238 2857 verum
1273 2810 1401 2854 etiam
1434 2825 1530 2868 quae
1562 2810 1608 2854 in
1639 2811 1827 2856 extemis
