1898 3308
455 190 551 234 DE
589 190 1018 235 REPUBLICA
1060 194 1141 237 VI.
1173 193 1217 237 8.
1443 201 1530 252 599

142 307 308 373 mdis
332 312 576 373 prefectos,
596 313 783 358 fontium
814 322 1046 367 curatores,
1073 322 1274 372 portuum
1304 314 1527 358 custodes:
1516 314 1651 369 ·249

136 373 225 444 ¹ulfi
241 380 299 423 est
317 390 363 424 et
382 382 622 436 necess'aria‚
644 391 689 426 et
707 382 810 427 huic
839 382 1092 426 confimilis:
1125 383 1288 426 easdem
1318 384 1434 426 enim
1463 399 1531 427 res

141 458 358 519 procurat,
381 450 454 494 sed
481 467 579 510 quae
610 452 706 495 sunt
734 452 778 494 in
810 451 926 510 agris
945 460 989 494 et
1008 451 1196 510 regionis
1225 451 1328 505 solo,
1349 467 1534 511 quaeque

23 528 49 554 ³
141 523 262 560 extu
278 519 461 566 urbem.
493 520 717 564 nominant
743 529 886 564 autem
914 520 996 563 hos
1026 518 1292 578 magistratus
1312 520 1384 563 alii
1404 536 1531 579 agro-

134 599 237 662 nim
258 596 488 642 curatores,
510 589 583 632 alii
607 589 813 648 sylvarum
837 589 907 632 seu
928 603 1152 632 nemorum
1178 588 1387 631 custodes.
1429 558 1531 633 οΗειι

133 650 278 714 *igitur
306 654 402 699 sunt
435 665 521 700 tres
550 672 692 700 rerum
724 656 1043 700 necessariarum
1075 655 1318 699 curationes
1346 664 1390 698 et
1419 671 1529 714 prae·

2 705 30 763 ⁴5³-
130 716 343 790 Afeaurae:
375 724 486 769 alius
506 725 564 768 est
584 725 866 784 magistratus,
888 725 942 768 ad
965 740 1094 783 quem
1124 724 1374 782 reipublicae
1397 725 1531 768 vessti-

141 789 262 850 galia
287 792 510 847 referenda
536 793 648 847 sunt,
670 809 818 837 eorum
853 794 927 853 qui
955 793 1176 852 pecuniam
1210 794 1426 852 publicam
1446 809 1470 836 a
1490 795 1532 837 se

143 861 392 918 custoditam
420 873 466 907 et
494 865 694 907 servatam
723 864 776 907 ad
807 879 1155 922 unamquamque
1175 862 1423 920 reipublicae
1453 863 1532 906 ad-

141 927 490 983 ministrationem
511 933 771 992 depromunt
796 948 846 975 ac
874 932 1156 975 distribuunt.
1191 931 1271 974 hos
1290 940 1436 974 autem
1456 946 1531 974 co-

141 987 321 1051 &stores
342 1010 387 1046 et
425 1003 655 1061 quaestores
690 1003 936 1061 appellant.
989 1001 1097 1044 alius
1136 1001 1209 1055 est,
1247 1000 1362 1058 apud
1401 1016 1528 1060 quern

137 1067 281 1129 pafita
302 1070 468 1128 privata
500 1079 546 1115 et
582 1071 802 1115 sententiae
833 1069 1063 1130 judiciales
1101 1069 1302 1128 perscribi
1341 1069 1530 1113 debent.

132 1134 256 1195 -apud
275 1138 444 1182 eosdem
465 1139 785 1198 postulationes,
803 1149 848 1183 et
877 1139 1020 1183 litium
1051 1137 1374 1200 per-scriptiones
1396 1147 1440 1182 et
1459 1154 1530 1182 ac-

132 1207 410 1267 „cusationutn
433 1210 770 1255 introductiones
791 1209 878 1253 fieri
898 1217 1082 1268 oportet.
1142 1209 1194 1251 In
1215 1207 1462 1250 nonnullis
1450 1207 1535 1266 1gi-

143 1285 217 1321 tur
249 1276 358 1323 locis
397 1278 526 1322 etiam
564 1279 683 1323 hunc
718 1279 1010 1338 magistratum
1046 1277 1090 1320 in
1123 1270 1265 1335 plures
1303 1277 1531 1322 dividunt:

135 1339 328 1404 ,quorum
348 1355 490 1393 tamen
511 1363 623 1391 unus
643 1348 716 1400 est,
736 1347 861 1405 cujus
882 1347 938 1389 est
956 1346 1123 1389 summa
1142 1346 1184 1388 in
1202 1361 1355 1394 ,omnes
1384 1345 1534 1390 aucto-

141 1412 247 1459 ritas
265 1428 316 1459 ac
335 1416 532 1474 potestas.
592 1416 814 1460 Vocantur
834 1423 980 1458 autem
1003 1413 1050 1456 hi
1071 1413 1278 1457 sacrorum
1310 1429 1535 1457 commen-

132 1479 350 1547 stariorum
381 1481 600 1547 scriptores
631 1483 701 1533 seu
727 1482 935 1533 custodes,
957 1490 1002 1524 et
1033 1480 1188 1524 tabulis
1217 1481 1405 1539 publicis
1424 1496 1536 1540 prae-

128 1543 264 1602 ferai,
292 1559 340 1595 et
367 1545 770 1600 commentarienses
800 1551 872 1594 seu
899 1549 1092 1604 a&uarii,
1111 1559 1156 1593 et
1175 1550 1269 1602 aliis
1289 1550 1538 1601 nominibus

0 1617 12 1656 2*
145 1617 365 1676 fimilibus.
430 1620 560 1663 Hunc
591 1618 795 1685 deinceps
814 1617 1017 1677 sequitur,
1038 1618 1113 1676 qui
1134 1618 1246 1671 idem
1279 1627 1324 1661 et
1352 1619 1539 1663 maxime

128 1679 343 1754 'Iomnium
362 1677 685 1753 ¹magistratuum
714 1687 962 1730 necessarius
981 1688 1038 1730 est
1057 1697 1101 1730 et
1120 1683 1427 1730 difficillimus:
1459 1704 1538 1731 cu-

129 1751 216 1823 jus
245 1755 304 1814 est
329 1770 483 1823 poenas
503 1771 530 1799 a
557 1755 774 1800 damnatis
799 1765 1015 1813 expetere,
1046 1765 1091 1799 et
1120 1756 1279 1799 multas
1299 1771 1324 1799 a
1343 1756 1541 1800 multatis

146 1825 319 1902 exigere
337 1835 468 1890 atque
489 1823 749 1884 efflagitare,
760 1834 806 1868 et
824 1840 1002 1884 corpora
1024 1840 1171 1868 eorum
1194 1827 1238 1867 in
1259 1840 1473 1870 carcerem
1494 1836 1539 1870 et

131 1879 319 1944 'vincula
337 1894 564 1960 conjicere,
585 1889 883 1961 acerrimisque
910 1893 1109 1952 custodiis
1137 1894 1351 1938 affervare.
1411 1892 1538 1939 Diffi-

128 1963 250 2029 ,cilis
275 1972 421 2029 autern
444 1965 530 2018 est,-
554 1964 656 2024 quia
691 1964 875 2009 maxime
905 1950 1074 2027 odiosus
1107 1972 1235 2021 atque
1265 1964 1424 2007 invisus
1463 1963 1538 2009 est.

128 2022 311 2098 >Itaque
329 2016 405 2097 iil3i
434 2046 617 2091 magnos
646 2023 828 2097 quaestus
847 2046 900 2075 ex
921 2032 1004 2074 hoc
1029 2031 1276 2090 magistratu
1296 2029 1433 2076 facere
1453 2048 1540 2075 non

144 2098 234 2159 est,
229 2115 400 2166 neque·
397 2115 510 2146 -eum
539 2115 688 2159 capere
717 2100 912 2152 animum
943 2096 1143 2144 inducere
1171 2113 1364 2159 queunt.
1398 2118 1540 2162 neque

146 2183 249 2212 cum
269 2177 491 2232 ceperunt,
525 2184 626 2217 eum
658 2168 955 2217 administrare
972 2185 1025 2212 ex
1054 2169 1165 2229 legis
1195 2170 1439 2237 praescripto
1464 2187 1538 2216 vo-

144 2230 268 2279 lunt.
300 2245 592 2293 verumtamen
613 2235 861 2284 necessarius
880 2231 962 2279 est:
994 2238 1196 2294 quoniam
1219 2238 1317 2280 lites
1337 2238 1392 2281 de
1412 2241 1541 2283 rebus

138 2302 263 2364 justis
283 2301 477 2370 intentae,
499 2305 595 2349 sunt
614 2305 788 2350 inutiles
809 2314 938 2363 atque
959 2306 1121 2358 inanes,
1145 2306 1216 2348 nifi
1245 2322 1310 2349 res
1332 2306 1539 2365 judicatae

142 2371 205 2425 ad
237 2373 402 2419 exitum
437 2374 740 2432 perducantur.
801 2376 954 2432 Itaque
984 2375 1010 2416 fi
1037 2374 1302 2433 judiciorum
1331 2376 1408 2419 usu
1440 2379 1539 2422 iub

0 2447 25 2493 {52
123 2443 252 2498 lato,
273 2444 452 2489 societas
481 2443 708 2493 hominum
741 2444 926 2486 constare
958 2458 1043 2486 non
1074 2445 1234 2501 potest.
1267 2459 1372 2503 ergo
1401 2461 1540 2505 neque
1554 2451 1659 2495 250

0 2514 19 2552 ἑὲ
143 2503 191 2557 *fi
197 2528 266 2568 res
287 2513 495 2577 judicatae
521 2512 803 2565 infirmentur,
824 2521 900 2555 aut
921 2512 1118 2571 judicata
1139 2527 1224 2556 non
1254 2513 1468 2558 solvantur
1485 2518 1541 2559 ab

0 2591 3 2595 ”
106 2624 110 2627 .
146 2582 201 2630 iis
235 2583 313 2643 qui
344 2582 535 2627 damnati
561 2583 672 2626 sunt.
732 2582 878 2625 Quare
910 2583 1075 2638 praestat
1102 2583 1218 2626 hunc
1251 2583 1541 2642 magistratum

148 2665 237 2695 uon
257 2651 339 2695 effe
359 2666 512 2704 unum,
535 2650 606 2695 sed
624 2651 731 2694 alios
751 2665 801 2693 ex
820 2650 913 2693 aliis
925 2649 1103 2708 judiciis
1123 2666 1172 2694 ac
1193 2651 1394 2697 subselliis
1413 2654 1538 2699 sumi.

147 2720 340 2782 Atque
327 2736 374 2764 m
403 2719 734 2764 multationibus
768 2734 934 2772 eorum,
963 2720 1038 2778 qui
1069 2720 1114 2763 in
1150 2722 1318 2765 tabulas
1346 2723 1541 2781 publicas

150 2788 275 2838 relati
307 2789 420 2844 sunt,
454 2789 635 2833 eandem
669 2789 918 2833 divifionem
949 2789 1154 2834 adhibere
1186 2791 1431 2837 conandum
1463 2793 1538 2838 est.

776 2870 911 2916 0q4
