1968 3366
482 175 576 220 DE
618 175 1045 221 REPUBLICA
1094 179 1129 220 I.
1159 190 1203 230 4.
1379 209 1381 211 »
1449 179 1532 235 387

156 293 335 368 Ψ,
346 298 407 344 is
430 299 568 358 prae'fit
601 305 730 356 atque
765 297 960 356 imperet.
1021 299 1135 341 Nam
1169 299 1456 344 diffidentibus
1490 308 1536 344 et

157 367 450 428 innantibus
469 368 580 410 inter
607 367 648 410 se
678 366 744 409 his
768 366 1018 418 rationibus,
1039 381 1179 423 neque
1209 368 1377 412 firmum
1409 369 1533 426 quic-

157 438 304 496 qiqnm',
323 440 461 494 neque
480 433 697 493 probabile
719 433 879 476 habent
897 433 1039 477 alterae
1059 433 1258 486 rationes,
1281 435 1383 491 quin
1407 450 1533 492 opor-

34 512 37 517 ·
75 526 78 528 -
116 521 124 535 r.
155 512 276 557 m&
287 502 341 549 ,id
364 502 486 561 ,quod
514 502 674 549 virtute
704 502 883 559 praestat,
913 501 1122 544 dominari
1149 511 1278 558 atque
1310 502 1531 559 imperare.

154 569 570 618 hzfummaautem
605 568 801 612 nonnulli
823 569 924 626 jure
956 568 1158 626 quodam,
1187 579 1236 611 ut
1262 570 1531 624 arbitrantur,

155 635 346 693 ἠῐέηῖοσ,
360 638 452 696 (lex
479 639 592 684 enim
617 638 695 696 jus
722 637 938 694 quoddam
971 638 1044 692 est)
1069 637 1309 680 servitutem
1333 638 1532 681 bellicam

154 707 341 767 bunut
354 707 436 755 effe
445 707 631 766 justam}
660 705 730 755 sed
748 704 989 763 (impliciter
1009 714 1053 748 et
1072 706 1262 749 absolute
1274 706 1428 764 justam
1450 707 1531 749 effe

153 783 326 834 negant.
385 775 501 818 Nam
536 774 720 832 primum
751 773 1001 831 contingere
1033 774 1166 830 potest
1199 783 1246 816 ut
1277 774 1527 831 principium

153 842 362 887 bellorum
401 857 486 884 non
525 842 572 884 fit
602 842 779 899 justum,
809 840 964 883 deinde
998 841 1227 899 indignum
1257 842 1331 899 qui
1362 843 1525 895 serviat,
1548 852 1607 893 12

154 926 283 957 nemo
312 911 403 955 ullo
433 911 562 954 modo
590 911 744 954 dixerit
763 910 841 952 esse
862 910 1038 952 servum.
1099 910 1272 968 Alioqui
1295 912 1462 954 eveniet
1480 922 1529 955 ut

152 980 230 1039 qui
248 979 528 1024 honestiffimo
547 989 591 1022 et
610 978 831 1021 clariffimo
860 978 956 1021 loco
986 978 1073 1020 nati
1101 978 1405 1033 existimentur,
1427 981 1531 1023 servi

152 1049 246 1102 fint,
273 1057 318 1092 et
346 1063 400 1092 ex
429 1048 554 1091 servis
576 1047 678 1099 nati,
702 1047 728 1088 fi
750 1047 857 1089 forte
878 1045 1081 1089 acciderit
1102 1057 1150 1089 ut
1171 1047 1283 1104 capti
1305 1049 1528 1092 venierint.

152 1115 424 1176 Quapropter
458 1127 543 1158 non
575 1129 650 1158 eos
683 1115 824 1157 dicere
857 1114 992 1157 servos
1025 1115 1188 1168 volunt,
1214 1116 1283 1158 sed
1314 1110 1528 1177 barbaros.

152 1185 407 1243 Atquiyeum
428 1184 512 1234 hoc
522 1183 696 1236 dicunt,
717 1183 826 1225 nihil
855 1182 970 1225 aliud
994 1193 1207 1240 quaerunt,
1227 1200 1356 1241 quam
1379 1194 1530 1228 natura

149 1252 351 1303 servum&
363 1267 462 1323 §11¹⁸
480 1250 544 1304 de
553 1266 599 1293 re
621 1250 743 1293 nobis
764 1250 889 1293 initio
910 1250 1046 1292 sermo
1067 1250 1280 1294 institutus
1300 1253 1372 1295 est.
1433 1254 1528 1296 Ne-

151 1320 258 1378 §effe
275 1318 403 1371 enim
400 1321 468 1362 est
481 1318 607 1362 fateri
628 1317 793 1375 aliquos
813 1317 892 1360 effe
911 1318 1016 1360 alios
1037 1319 1195 1375 ubique
1225 1319 1416 1362 locorum
1440 1321 1527 1364 ser-

149 1402 254 1443 vqs,
248 1387 378 1439 filios
386 1387 609 1444 uusqfflm.
665 1385 828 1429 Eodem
850 1394 993 1429 autem
1015 1385 1146 1427 modo
1167 1395 1210 1428 et
1228 1386 1281 1429 de
1303 1388 1528 1432 nobilitate

150 1457 434 1507 sentiendum.
507 1458 596 1499 Eos
631 1455 746 1498 enim
783 1471 868 1498 non
903 1455 1040 1499 solum
1081 1456 1199 1499 domi
1241 1458 1421 1510 nobiles,
1458 1459 1530 1502 sed

148 1525 310 1583 ubique
342 1524 540 1584 gentium
572 1523 706 1567 claros
739 1524 1023 1566 arbitrantur:
1055 1526 1260 1567 Barbaros
1291 1542 1391 1568 vero
1410 1527 1530 1570 domi

66 1637 68 1639 ,
148 1602 349 1646 tantuma,
379 1592 566 1651 perinde
581 1593 694 1650 quafi
723 1592 884 1650 aliquid
905 1592 953 1634 fit
974 1592 1215 1649 simpliciter
1246 1595 1389 1637 nobile
1409 1606 1454 1638 et
1473 1596 1528 1638 li-

147 1662 332 1726 berum,
344 1655 472 1712 aliud
512 1676 611 1707 non
644 1660 912 1718 fimpliciter:
964 1661 1326 1718 quemadmodum
1375 1663 1436 1706 ait
1483 1672 1529 1708 et

147 1728 412 1779 Theodeetae
432 1728 600 1781 Helena
617 1746 629 1770 z

169 1834 174 1841 .
190 1837 199 1846 ,
260 1797 428 1849 ⁴Uimina
444 1796 497 1839 ab
516 1805 686 1853 utraque
688 1795 817 1854 stzrpe
832 1803 1070 1854 prognatam
1090 1797 1176 1855 quis
1196 1798 1298 1841 hanc

231 1865 434 1914 Servum
448 1880 592 1909 vocare
607 1881 686 1907 non
704 1866 884 1924 iniquum
904 1867 1053 1924 θάψαι
1067 1869 1093 1909 ἒ

150 1932 286 1987 (Ἀῶ
283 1942 442 1981 autem
477 1932 562 1975 hoc
591 1932 758 1985 dicunt,
792 1933 910 1976 nulla
941 1934 1024 1977 alia
1054 1949 1099 1977 re
1128 1950 1258 1993 quam
1288 1935 1446 1978 virtute
1482 1943 1528 1980 et

146 2001 256 2056 vitio
271 2000 437 2049 servum
452 2009 497 2043 et
515 1999 695 2051 liberum
727 2000 986 2059 nobilesque
992 2010 1036 2045 et
1057 2002 1268 2060 ignobiles
1299 1988 1527 2047 definiunt.

149 2069 362 2119 Bwss-enim
375 2070 459 2117 effe
476 2071 664 2124 censent,
682 2078 732 2115 ut
750 2085 802 2114 ex
821 2071 997 2115 homine
1016 2062 1165 2124 homo,
1188 2082 1232 2114 et
1251 2088 1303 2116 ex
1324 2072 1421 2115 feris
1440 2073 1529 2116 fera

88 2163 90 2165 >
146 2137 361 2193 nascitur(
379 2139 433 2183 fic
458 2140 662 2186 ex'bonis
693 2141 854 2183 bonum
888 2142 1014 2184 nasci.
1075 2143 1242 2194 Natura
1267 2151 1408 2184 autem
1437 2143 1529 2185 vult

147 2205 224 2270 ως
253 2206 453 2265 ῃιιίἆεηι,
475 2207 558 2251 hoc
604 2207 768 2251 facere:
819 2209 888 2251 sed
925 2210 1216 2267 saepenumero
1252 2226 1338 2253 non
1377 2211 1526 2267 potest.

71 2283 75 2287 ”
146 2273 772 2334 Hujm-ig'iturcontroverfiae
801 2277 1009 2320 rationem
1040 2279 1119 2321 effe
1149 2279 1351 2336 aliquam,
1378 2288 1522 2322 utrum

147 2341 227 2390 fint
250 2342 325 2387 alii
351 2353 500 2389 natura
525 2345 646 2397 servi,
676 2344 747 2387 alii
776 2345 916 2399 liberi,
948 2361 1098 2399 necne,
1125 2363 1178 2389 ex
1207 2348 1258 2389 iis
1289 2363 1383 2405 quae
1405 2349 1524 2404 supra
1543 2359 1603 2401 13

144 2410 355 2470 explicata
378 2412 489 2464 sunt,
519 2413 760 2471 intelligere
779 2414 896 2458 licet.
955 2416 1026 2457 Ne
1057 2416 1139 2458 hoc
1165 2416 1336 2473 quidem
1370 2416 1522 2458 obscu-

144 2494 240 2523 rum
261 2481 334 2535 est,
354 2481 439 2528 bo‘c
462 2482 506 2524 in
526 2482 776 2539 quibusdam
809 2482 887 2525 effe
916 2483 1137 2526 definitum
1169 2500 1218 2527 ac
1249 2484 1488 2527 distinfimm
1511 2501 1522 2527 ε

143 2563 327 2607 quarum
346 2548 450 2592 huic
467 2549 642 2607 quidem
663 2550 834 2608 expedit
853 2551 1014 2604 servire,
1036 2551 1096 2594 illi
1118 2562 1261 2595 autem
1290 2553 1522 2610 imperare:

141 2625 188 2660 et
198 2615 360 2674 justum
376 2617 452 2670 est,
466 2626 602 2674 atque
622 2627 791 2674 oportet
807 2618 938 2662 hunc
967 2619 1143 2677 imperio
1163 2620 1336 2663 alterius
1363 2636 1526 2678 parere,

141 2682 266 2733 illum
285 2684 511 2742 imperium
531 2685 740 2738 obtinere,
763 2685 807 2728 id
828 2687 1053 2743 imperium
1080 2687 1254 2739 scilicet,
1277 2687 1395 2744 quod
1417 2688 1525 2729 utri-

141 2749 285 2809 usgue..-
305 2762 465 2801 naturae
491 2754 719 2802 convenit:
750 2769 854 2811 ergo
877 2764 922 2796 et
946 2754 1172 2798 dominari.
1232 2755 1352 2797 Male
1380 2763 1525 2798 autem
1571 2751 1575 2758 ¹

138 2817 348 2882 integrare
371 2820 436 2878 (id
454 2821 528 2875 est,
548 2835 632 2873 non
653 2821 913 2879 ejuscemodi
935 2822 1180 2881 imperium,
1201 2823 1253 2866 ad
1276 2822 1394 2881 quod
1415 2831 1526 2866 uter-
1587 2872 1592 2876 ,

725 2903 753 2932 C
775 2903 798 2932 C
818 2902 843 2934 2
