1898 3308
505 498 1146 589 ARssToTELIS
1535 463 1631 562 εἰ

438 682 575 747 DE
620 652 1224 762 REPUBLICA

618 853 779 893 LIBER
804 852 1052 893 TERTIUS.

723 1247 965 1307 CA'P.'1.

154 1381 222 1427 De
232 1374 380 1440 firm
403 1377 612 1433 Civitatis,
633 1379 682 1421 de
702 1376 852 1422 Politia
865 1377 1037 1436 scilicet,
1058 1384 1205 1420 certum
1221 1372 1446 1437 subjeHum
1465 1378 1542 1422 ha-

611 1447 736 1500 beate,
758 1460 880 1505 agere
898 1445 1086 1505 irssituit.

153 1522 259 1608 EI,
279 1551 354 1612 qm
374 1551 430 1596 de
444 1550 693 1611 reipublicae
711 1548 1053 1596 administrandae
1073 1549 1252 1603 ratione,
1270 1566 1368 1609 quae
1383 1558 1427 1593 et
1443 1566 1550 1610 qua-

154 1620 210 1666 lis·
239 1620 302 1674 fit,
335 1621 604 1664 confidem-att
636 1621 775 1679 primo
808 1619 897 1662 fere
927 1619 1025 1662 loco
1057 1617 1264 1677 quidnam
1299 1619 1349 1662 fit
1381 1620 1549 1674 civitas,

157 1689 408 1735 videndum.
466 1691 601 1734 Nunc
634 1688 749 1734 enim
787 1689 1018 1748 ambigunt
1056 1698 1102 1732 et
1139 1689 1182 1731 in
1224 1690 1552 1733 controverfiam

158 1752 331 1811 vocant,'
351 1756 458 1801 dum
484 1757 557 1800 alii
577 1757 667 1800 iem
688 1772 714 1799 a
732 1756 904 1799 civitate
931 1757 1070 1800 afiiam
1103 1772 1152 1799 ac
1185 1757 1437 1800 transassam
1468 1758 1551 1800 effe

160 1823 341 1874 dicunt:
371 1823 444 1867 alii
477 1839 564 1867 non
597 1839 624 1867 a
652 1823 842 1877 civitate,
867 1822 938 1866 sed
968 1837 994 1865 a
1022 1823 1171 1881 paucis
1200 1824 1452 1882 potentibus
1480 1833 1557 1867 aut

162 1900 364 1951 tyrannm
425 1891 630 1957 Hominis
659 1900 804 1935 autem
824 1890 1027 1949 regendae
1048 1891 1233 1935 civitatis
1254 1892 1380 1951 periti
1406 1896 1557 1951 (quem

161 1960 390 2021 politicum
411 1960 556 2004 Groeici
575 1960 821 2015 nominant)
845 1960 894 2003 et'
908 1960 1057 2019 legum
1087 1960 1302 2019 scriptoris
1321 1976 1468 2007 curam
1488 1971 1556 2005 at-

159 2039 247 2092 que
275 2044 447 2090 operam
479 2032 656 2076 omnem
689 2029 885 2073 videmus
912 2029 956 2072 in
987 2030 1162 2073 civitate
1181 2031 1392 2076 consumi.
1452 2033 1554 2075 Jam

164 2114 266 2144 vero
295 2098 545 2159 reipublicae
574 2099 649 2142 seu
679 2098 864 2142 civitatis
895 2097 1236 2143 administrandae
1266 2101 1392 2154 ratio,
1426 2116 1559 2159 quam

164 2172 362 2232 politiam
393 2171 537 2216 Graeci
565 2171 796 2230 appellant,
818 2186 983 2224 eorum,
1005 2174 1082 2230 qui
1110 2173 1264 2216 urbem
1292 2173 1459 2227 colunt,
1479 2174 1561 2217 de-‘

165 2241 337 2301 scriptio
354 2240 718 2305 aitqueordinatio
737 2242 810 2285 est.
862 2240 1086 2286 Quoniam
1106 2250 1250 2285 autem
1269 2242 1417 2286 civitas
1437 2258 1560 2287 com·

167 2311 350 2372 positum
369 2319 415 2354 et
432 2318 682 2354 concretum
702 2309 912 2368 quiddam
934 2310 1008 2362 est,
1028 2310 1396 2368 quemadmodum
1418 2320 1463 2355 et
1481 2311 1561 2355 ali-

169 2380 289 2442 quod
308 2378 426 2423 aliud
445 2387 587 2422 totum
606 2391 660 2422 ex
681 2377 829 2426 multis
848 2378 1041 2440 partibtis
1061 2379 1291 2423 conflatum
1314 2397 1324 2424 :
1357 2381 1564 2425 nimirum

170 2447 456 2510 quaerendum
475 2456 574 2491 ante
605 2446 660 2490 de
690 2447 783 2490 cive
805 2448 888 2491 est:
923 2447 1072 2492 civitas
1091 2448 1206 2491 enim
1228 2448 1391 2493 civium
1412 2450 1564 2509 mniti-

171 2516 281 2562 tudo
299 2515 498 2577 quaedam
522 2516 595 2559 est.
657 2517 807 2560 Quare
835 2516 932 2574 quis
962 2516 1067 2560 civis
1096 2517 1296 2576 appellari
1327 2518 1498 2573 debeat,
1519 2528 1565 2563 et

171 2588 271 2646 quis
306 2585 357 2628 fit
388 2582 512 2638 civis,
548 2583 800 2638 videndum.
860 2585 1032 2628 Etenim
1067 2585 1123 2629 de
1156 2586 1239 2631 civi
1272 2587 1566 2645 saepenumero

171 2653 425 2712 ambigitur.
481 2653 587 2696 Non
626 2652 743 2696 enim
783 2653 985 2696 convenit
1022 2653 1136 2697 inter
1173 2669 1339 2709 omnes,
1378 2655 1567 2699 eundem

175 2723 258 2767 effe
276 2722 434 2766 civem.
493 2721 563 2764 Est
582 2720 698 2764 enim
719 2720 889 2780 aliquis,
910 2722 987 2780 qui
1007 2737 1107 2766 cum
1138 2723 1183 2766 in
1214 2723 1386 2767 civitate
1414 2723 1567 2778 libera,

175 2790 249 2835 seu
276 2789 526 2849 reipublioae
556 2789 1069 2843 administrandaeforma
1097 2791 1310 2850 populari,
1332 2807 1462 2851 quam
1490 2792 1585 2836 de»

178 2854 673 2918 mocratiam'appella'nt
693 2859 855 2913 Graeci,
877 2859 983 2903 civis
1002 2860 1066 2915 fit,
1086 2860 1129 2904 in
1150 2875 1385 2920 paucorum
1405 2860 1567 2919 princi-

839 2941 926 2986 og
