1898 3308
444 201 563 259 ‚600'
891 219 1410 263 ARISTOTELIS·

445 338 653 402 Praeterea
666 354 769 395 vero
790 346 834 383 et
853 341 1007 385 multas
1028 343 1250 387 nonnullas
1271 358 1296 385 a
1315 342 1624 400 magistratibus
1651 347 1821 403 'oportet

448 405 578 464 exigi,
608 422 707 450 cum
735 391 835 450 alias
866 410 919 451 ab
949 410 1058 462 aliis,
1080 419 1171 452 tum
1200 426 1267 454 eas
1294 425 1399 467 quas
1429 410 1527 452 novi
1557 403 1819 467 magistratus

447 473 701 532 irrogarunt,
732 492 757 518 a
789 477 935 519 novis:
969 486 1011 519 et
1040 493 1109 519 eas
1141 493 1237 535 quae
1265 479 1318 520 ab
1351 477 1508 520 usitatis
1533 486 1578 519 et
1609 476 1819 519 veteribus

446 540 642 600 irrogatae
664 543 772 595 sunt,
796 560 893 586 cum
924 545 1032 586 alius
1057 544 1361 597 condemnarit,
1384 544 1514 587 alium
1535 546 1615 588 effe
1633 544 1708 603 qui
1726 544 1818 587 exi-

445 618 547 666 gat:
579 612 759 668 exempli
782 613 917 663 causa,
939 627 1008 654 eas
1041 627 1144 669 quas
1174 627 1350 654 annonae
1378 612 1563 667 praefeeti
1583 613 1654 662 seu
1673 611 1818 669 {ediles

447 678 631 721 minores
660 679 915 736 irrogarunt,
947 680 1090 722 aediles
1122 680 1299 738 majores
1329 676 1590 736 efflagitare:
1621 686 1817 741 ead'quae

446 745 499 787 ab
521 745 586 787 his
607 746 802 804 irrogatae
822 747 930 799 sunt,
953 747 1074 790 alios.
1132 748 1309 791 Quanto
1338 746 1452 789 enim
1478 746 1821 811 mi'n‘oreiti‘odvio

445 813 604 855 fuerint
635 814 665 855 ii
694 814 767 871 qui
799 815 992 872 exigunt,
1014 824 1133 857 tanto
1153 815 1316 857 facilius
1345 830 1393 857 ac
1422 815 1551 858 citius
1579 814 1820 860 exafflo‘nes

447 881 571 924 finem
602 882 720 923 suum
752 882 1024 924 obtinebunt.
1083 883 1262 925 Eosdem
1283 883 1414 940 igitur
1433 883 1623 941 effe,‘qu'1
1642 877 1819 927 dimna’-

446 951 547 1001 rint,
579 958 623 991 et
650 949 724 1007 qui
757 949 936 995 multam
967 950 1155 1008 exigant,
1177 950 1324 992 odium
1356 950 1509 1007 duplex
1534 943 1695 994 habet:
1726 952 1818 1010 eos-

447 1017 544 1059 dem
566 1032 664 1066 vero
683 1018 737 1059 de
756 1018 882 1060 rebus
912 1018 1111 1064 omnibus
1143 1019 1336 1070 statuere,
1357 1017 1496 1066 reddit
1522 1019 1721 1062 omuibus
1746 1019 1817 1061 'in-

446 1085 569 1126 visos.
630 1085 784 1129 Multis
814 1094 956 1128 autem
978 1085 1020 1127 in
1041 1085 1146 1127 locis
1176 1085 1329 1134 divisus
1348 1101 1396 1127 ac
1417 1083 1641 1130 ἀίίὶὶῐιᾶιιε
1649 1085 1707 1130 est
1726 1101 1819 1129 ma-

445 1152 642 1210 gistratus
663 1153 818 1195 carceri
838 1152 1119 1210 custodiaeque
1149 1168 1316 1201 reorum
1345 1153 1581 1210 praefecffis,
1602 1153 1656 1196 ab
1675 1159 1728 1197 e‘o
1743 1155 1820 1212 qui

443 1218 601 1263 malias
630 1221 822 1279 flagitat:
855 1222 969 1267 verbi
1001 1221 1149 1279 gratia',
1173 1221 1356 1264 Athenis
1387 1230 1535 1269 eorum
1567 1215 1641 1279 qui
1665 1211 1820 1267 Unde-

446 1288 533 1330 cim
567 1288 643 1330 viri
677 1289 891 1332 dicuntur.
953 1288 1168 1331 Quocirca
1198 1290 1361 1346 praestat
1390 1289 1517 1332 etiam
1553 1289 1670 1333 hunc
1694 1289 1818 1348 sepa-

443 1371 551 1408 rare,
573 1365 616 1398 et
634 1365 925 1399 commentum
946 1356 1118 1413 aliquod
1143 1357 1343 1399 callidum
1373 1357 1501 1399 etiam
1522 1357 1566 1399 in
1584 1354 1668 1400 hoc
1689 1368 1818 1400 exco-

442 1423 579 1481 gitare
599 1441 609 1465 :
642 1424 777 1466 'nihilo
796 1424 911 1466 enim
933 1424 1074 1466 minus
1104 1424 1349 1466 neeeffarius
1369 1425 1441 1476 est,
1462 1437 1594 1481 quam'
1612 1424 1687 1481 qui
1718 1417 1818 1482 pro-

442 1491 560 1534 xime
607 1500 963 1534 commemoratus
998 1492 1069 1534 est.
1143 1492 1298 1534 Evenit
1335 1501 1477 1534 autem
1516 1500 1564 1535 ut
1604 1493 1679 1534 viri
1715 1494 1817 1536 boni

442 1559 561 1602 hunc
594 1560 883 1618 magistratum
923 1559 1106 1601 maxime
1145 1559 1342 1617 fugiant:
1388 1568 1432 1601 at
1469 1559 1672 1616 improbis
1707 1560 1819 1606 hanc

443 1628 706 1685 permittere,
722 1629 968 1686 potestatem
997 1624 1093 1670 non‘
1113 1629 1168 1669 est
1198 1636 1368 1669 tutum:
1399 1627 1470 1684 ipfi
1497 1627 1611 1670 enim
1633 1629 1819 1676 custodia

443 1705 574 1754 egent
600 1697 758 1754 potius,
783 1712 910 1754 quam
943 1696 1046 1738 alios
1076 1695 1280 1738 custodire
1307 1695 1512 1754 pofl'unt.
1543 1691 1820 1759 Quapropter

443 1779 528 1806 non
557 1773 723 1824 oportet
758 1780 890 1806 unum
927 1773 1088 1806 certum
1121 1763 1222 1805 huic
1252 1763 1429 1821 negotio
1453 1758 1719 1821 praepo'fitiim
1734 1765 1818 1808 effe

443 1832 748 1890 magistratum,
770 1847 908 1889 neque
928 1832 1194 1874 continenter
1213 1839 1256 1873 et
1275 1840 1476 1888 perpetuo
1499 1828 1679 1881 eundem
1697 1832 1815 1891 geri.

426 1900 513 1950 'sed
533 1910 577 1942 et
598 1916 649 1946 ex
662 1900 907 1959 juvenibuS,
930 1899 1002 1942 ubi
1029 1900 1183 1957 aliquis
1214 1900 1271 1942 est
1299 1901 1505 1961 puberum
1536 1903 1580 1942 et
1609 1901 1817 1957 praefidia..

425 1969 605 2010 ‘riorum
640 1968 827 2011 militum
863 1967 995 2009 ordo:
1037 1975 1080 2009 et
1114 1982 1166 2009 ex
1201 1967 1533 2024 magistratibus
1544 1967 1651 2035 alios
1689 1977 1818 2027 atque

325 2045 423 2086 251
444 2036 548 2078 alios
568 2036 690 2086 sumi,
714 2036 789 2095 qui
809 2035 982 2077 viciffim
1013 2035 1122 2077 hanc
1147 2035 1405 2091 provinciam
1424 2040 1591 2093 gerant.
1651 2035 1743 2079 Hi
1732 2038 1816 2096 igi.-

443 2113 516 2146 tur
534 2104 800 2161 magistratus
826 2112 876 2145 ut
903 2102 1086 2145 maxime
1117 2102 1312 2146 omnium
1342 2095 1570 2155 necefl'arii,
1591 2104 1733 2161 primi
1723 2105 1817 2147 sta-

442 2170 592 2212 tuendi
625 2171 748 2212 sunt:
779 2169 1008 2227 sequuntur
1040 2169 1238 2226 deinceps
1269 2183 1353 2211 non
1385 2169 1527 2212 minus
1552 2169 1615 2212 illi
1642 2171 1819 2228 quidem

444 2237 672 2288 necefl'arii,
704 2237 773 2279 sed
804 2237 847 2278 in
880 2236 1038 2294 majore
1068 2235 1287 2294 splendore
1315 2236 1529 2289 collocati,
1551 2232 1819 2305 speciemque

444 2306 582 2363 magis
621 2305 819 2347 illustrem
859 2320 945 2361 prae
986 2304 1026 2345 se
1064 2303 1274 2346 ferentes.
1326 2319 1422 2346 nam
1473 2300 1678 2355 multum
1695 2307 1817 2352 usum

444 2388 776 2431 magnamque]
755 2373 777 2414 f
782 2373 877 2414 dem
901 2373 979 2413 des
986 2371 1149 2413 derant
1206 2371 1334 2413 Tales
1353 2380 1493 2413 autem
1515 2372 1674 2416 fuerint
1700 2383 1745 2418 et
1770 2375 1819 2428 ii,

417 2449 422 2456 ’
445 2441 497 2482 ad
528 2455 633 2498 quos
665 2439 779 2482 urbis
810 2439 994 2482 custodia
1020 2439 1231 2495 pertinet:
1264 2447 1307 2480 et
1327 2438 1372 2490 ii,v
1394 2434 1468 2496 qui
1489 2440 1543 2482 ad
1563 2441 1662 2483 usus·
1677 2456 1817 2485 rerum

444 2509 694 2551 bellicarum
733 2508 1005 2550 instituuntur
1040 2516 1168 2563 atque
1203 2506 1463 2550 ordinantur.
1511 2508 1707 2567 'Oportet
1732 2523 1816 2553 *au-

446 2586 533 2618 tem
555 2587 647 2619 tum
669 2577 711 2617 in
732 2591 848 2632 pace,
871 2584 961 2617 tum
983 2575 1026 2616 in
1047 2574 1177 2626 bello,
1200 2589 1395 2632 peraeque
1421 2586 1634 2632 portarum
1656 2587 1699 2619 et
1718 2593 1815 2621 mu-

443 2659 588 2686 rorum
620 2642 815 2685 custodiae
842 2642 1079 2699 praefeGmS,
1110 2651 1154 2683 et
1182 2641 1346 2683 civibus
1374 2642 1643 2700 inquisitione
1673 2644 1819 2689 habita

446 2711 689 2769 probandis,
709 2720 838 2766 atque
866 2710 1013 2751 ordine
1032 2708 1326 2761 describendis,
1347 2719 1562 2753 curatores>
1577 2711 1656 2753 effe
1674 2728 1684 2754 ε
1715 2713 1818 2756 alibi

440 2779 560 2828 ‚enim
593 2779 736 2837 plures
770 2779 866 2821 sunt
897 2777 950 2820 ad
987 2777 1080 2820 haec
1114 2777 1258 2820 omnia
1286 2792 1462 2821 munera
1495 2777 1817 2825 administranda
