1898 3308
299 152 303 157 ’
378 180 475 225 DE
519 174 1487 233 nsspnBL1cA·v111.⁶07

75 297 291 357 ’ω
317 295 450 348 {deni
485 303 852 369 'comparationem
884 309 930 346 et
962 302 1280 360 proportionem
1310 302 1423 346 inter
1446 300 1490 345 se
1502 307 1606 363 257

94 365 314 425 ma
343 366 484 432 quissib
512 370 767 416 excellentia
796 380 840 414 et
869 370 1137 413 differentia'
1127 371 1180 413 iis
1200 372 1326 414 rebus
1347 371 1489 414 conti-

0 450 45 486 ’-’.
89 437 363 501 ἐξω
379 444 526 484 serum
555 439 632 483 has
662 439 909 483 affectiones
927 437 1008 481 effe
1032 437 1234 481 dicimus.
1293 439 1441 483 Quare
1460 440 1488 482 fi

4 517 37 569 {²4
94 507 271 554 animm
297 515 343 553 et
374 509 591 553 bonorum
626 517 901 558 externorum
937 506 1201 565 poffeffione,
1237 515 1282 549 et
1314 521 1493 566 corpore

0 578 38 612 0?
95 575 238 622 canius
264 591 316 621 ac
347 577 628 636 praestabilius
655 576 861 635 quiddam
891 576 965 628 est,
987 585 1083 618 tum
1113 574 1375 632 fimpliciter‚
1395 585 1490 619 tum

29 648 42 655 ’
96 644 224 690 nobie
242 661 256 690 z
297 646 430 690 etiam
463 646 628 704 optima
667 645 876 704 cujusque
910 644 1065 687 horum
1107 643 1275 686 affectio
1310 644 1490 688 eandem

95 714 417 773 proportionem
450 723 497 758 et
527 714 890 772 comparationem
926 713 1038 755 inter
1068 713 1110 755 se
1141 712 1298 755 habeat
1330 713 1491 755 neceffe

32 811 38 821 ,-
97 781 173 826 est.
233 783 442 827 Psaeterea
466 791 638 841 propter
666 783 860 825 animum
890 781 986 825 haec
1008 781 1103 824 sunt
1129 781 1335 839 optabilia
1354 789 1398 824 et
1416 797 1491 824 ex-

26 887 31 903 ÷
97 851 281 910 petenda
297 860 474 909 natura:
505 859 552 895 et
581 865 734 894 omnes
763 851 874 894 bene
903 850 1012 893 sanae
1043 851 1199 893 mentis
1226 849 1421 893 homines
1442 865 1493 893 ea

26 912 31 954 Ῐ
98 927 297 978 ειμωω
315 928 490 979 propter
514 919 711 963 animum
737 919 913 971 debent,
935 928 980 962 et
1002 933 1087 962 non
1109 919 1301 962 animum
1322 929 1493 977 propter

99 985 219 1033 illas
245 988 442 1049 Tantum
474 988 610 1047 igitur
637 989 691 1032 ad
721 1002 1075 1046 unumquemque
1104 987 1320 1030 felicitatis
1349 1003 1494 1046 perve-

101 1057 212 1111 nire,
232 1067 444 1117 quantum
474 1058 632 1116 cuique
661 1058 830 1100 virtutis
860 1066 905 1100 et
932 1056 1185 1115 prudentiae,
1207 1067 1251 1099 et
1272 1056 1494 1101 a&ionum

100 1126 172 1171 his
202 1127 580 1170 consentanearum
616 1127 847 1185 contingit,
885 1126 1111 1170 conveniat
1144 1126 1256 1169 inter
1293 1141 1371 1170 nos
1405 1127 1494 1170 Dei

29 1207 31 1210 “
100 1197 344 1240 testimonio
365 1192 567 1242 utentes:
598 1197 674 1255 qui
706 1196 900 1255 quamvis
927 1195 1171 1240 fortunatus
1193 1205 1238 1238 et
1251 1191 1406 1239 'beatus
1427 1197 1492 1248 fit,

28 1259 44 1287 7'
103 1279 190 1309 non
211 1274 357 1309 tamen
370 1275 544 1325 propter
561 1280 698 1309 unum
717 1267 879 1309 bonum
898 1274 1124 1307 externum
1153 1265 1305 1307 beatus
1326 1265 1399 1317 est,
1421 1264 1494 1308 sed

26 1346 29 1395 J
103 1332 191 1391 ipse
218 1343 392 1393 propter
422 1330 482 1388 se,
512 1343 558 1378 et
591 1334 694 1392 quia
725 1334 773 1376 fit
806 1332 1143 1391 cujusdammodi
1177 1342 1358 1376 natura:
1394 1348 1494 1376 nam

101 1401 233 1446 etiam
250 1411 424 1461 propter
447 1403 559 1446 hanc
588 1403 754 1445 causam
775 1401 959 1445 secunda
977 1401 1049 1444 seu
1067 1403 1262 1460 prospera
1280 1401 1451 1445 fortuna
1470 1417 1496 1445 a

101 1469 374 1517 beatitudine
399 1471 624 1515 necessario
653 1471 826 1515 differta
856 1472 1067 1514 bonorum
1099 1470 1232 1524 enim,
1253 1485 1351 1529 quae
1377 1480 1495 1514 extra

102 1538 296 1584 animum
333 1541 446 1595 su‘nt,
481 1540 600 1584 casus
635 1549 679 1583 et
713 1540 902 1592 fortuna,
934 1540 1069 1582 causae
1103 1540 1198 1582 sunt
1232 1540 1494 1583 efficientes:

94 1606 233 1666 justus
251 1623 352 1653 vero
369 1605 445 1652 aut
463 1619 703 1667 temperans
733 1608 877 1651 nullus
895 1609 952 1650 est
971 1623 997 1650 a
1015 1607 1200 1660 fortuna,
1228 1623 1369 1666 neque
1398 1623 1496 1666 pro-

102 1670 198 1735 pter
217 1677 449 1722 fortunam.
509 1677 786 1734 Consequens
807 1688 949 1720 autem
973 1678 1044 1730 est,
1062 1688 1107 1720 et
1126 1677 1290 1720 easdem
1312 1677 1498 1721 rationes

104 1745 326 1800 desiderat,
362 1747 581 1790 civitatem
620 1746 845 1803 optimam,
886 1746 1043 1803 suaque
1085 1746 1262 1804 negotia
1300 1747 1499 1804 praeclare

104 1825 347 1876 gerentem,
366 1817 448 1860 effe
467 1817 597 1860 etiam
620 1815 913 1859 beatiffimam.
971 1816 1008 1858 vF
1011 1815 1084 1858 ieri
1111 1830 1235 1872 porro
1255 1831 1341 1858 non
1362 1817 1499 1874 potest

106 1895 159 1929 ut
178 1885 210 1929 ii
230 1885 455 1944 negotium
478 1885 599 1928 suum
620 1883 819 1942 praeclare
847 1892 1015 1942 gerant,
1037 1884 1114 1941 qui
1145 1898 1211 1926 res
1241 1883 1435 1928 honestas
1454 1893 1500 1928 et

106 1953 329 2021 proeclaras
349 1968 435 1996 non
453 1962 599 2011 agant.
660 1953 723 1995 At
753 1951 872 1995 nulia
899 1951 1102 2009 praeclara
1127 1951 1242 1995 actio
1262 1967 1402 2011 neque
1421 1953 1501 1996 viri

18 2063 19 2066 ,
108 2034 249 2079 neque
283 2021 470 2065 civitatis
503 2021 588 2064 fine
619 2020 776 2064 virtute
807 2029 852 2063 et
881 2020 1106 2078 prudentia
1140 2021 1212 2065 est.
1275 2022 1503 2066 Fortitudo

2 2147 3 2150 Ἴ
27 2131 31 2138 Α,
106 2097 259 2135 autem
271 2099 318 2133 et
327 2089 490 2149 justitia
511 2098 556 2132 et
587 2089 813 2147 prudentia
831 2088 1014 2132 civitatis
1033 2089 1213 2132 eandem
1234 2089 1324 2134 vim
1343 2101 1387 2134 et
1408 2091 1501 2150 spe-

20 2155 30 2187 .'
47 2202 50 2206 ,
107 2159 221 2204 ciem
241 2159 420 2213 habent,
440 2168 571 2218 atque
590 2158 676 2202 illae
697 2173 803 2217 quas
823 2158 1111 2216 unusquisque
1130 2159 1378 2203 mortalium
1398 2175 1504 2203 con-

20 2231 35 2254 *
107 2227 295 2282 secutus,
310 2227 450 2286 justus
477 2235 523 2271 et
548 2228 735 2285 prudens
762 2235 808 2270 et
834 2236 1076 2284 temperans
1104 2227 1357 2286 appellatur.
1417 2226 1504 2274 Sed

38 2315 43 2349 3
109 2293 436 2342 haetenushaec
464 2297 588 2340 instar
615 2295 811 2354 prooemii
840 2296 880 2338 ei
912 2296 1204 2354 disputationi,
1225 2312 1353 2354 quam
1374 2298 1501 2342 habi-

34 2360 52 2370 *
109 2362 198 2410 turi
215 2366 380 2420 sumus,
399 2365 620 2424 praepofita
638 2365 731 2408 fint.
793 2365 1072 2423 Nam‘neque
1101 2380 1151 2408 ea
1179 2366 1504 2423 praetermittere

29 2469 32 2472 ⁴
110 2435 175 2479 fas
207 2435 334 2480 nobis
362 2434 463 2488 fuit,
496 2449 637 2492 neque
667 2443 717 2477 ut
744 2447 895 2476 omnes
926 2433 1112 2477 rationes
1146 2434 1276 2493 hujus
1300 2435 1503 2479 sermonis
1517 2433 1621 2476 258

21 2551 26 2555 ,
110 2503 303 2563 proprias
329 2505 692 2562 persequeremur,
721 2517 861 2545 rerum
896 2511 1046 2546 natura
1073 2502 1189 2546 tulit.
1251 2504 1363 2546 Sunt
1387 2505 1505 2548 enim

17 2573 43 2615 ἶΙῚ
112 2572 209 2617 hec
237 2567 346 2617 alius
370 2571 613 2631 quaestionis
643 2579 688 2614 et
715 2571 822 2615 loci.
881 2571 1014 2614 Nunc
1037 2580 1180 2614 autem
1210 2571 1295 2615 hoc
1325 2573 1506 2631 positum

2 2670 6 2678 ι
32 2643 44 2674 ’-
113 2641 178 2694 fit,
197 2640 329 2687 vitam
357 2641 567 2700 optimam
592 2647 638 2683 et
657 2638 877 2698 separatim
913 2639 1115 2697 cujusque
1143 2651 1188 2683 et
1219 2642 1508 2686 communiter

12 2710 13 2713 ’
35 2735 43 2749 ι,
114 2710 340 2757 civitatum
360 2709 441 2753 effe
460 2703 572 2763 eam,
594 2724 692 2767 quae
722 2707 871 2751 virtuti
897 2707 1179 2751 consentanea
1197 2710 1270 2762 est,
1291 2718 1409 2753 tanta
1426 2711 1507 2754 bo-

14 2795 29 2845 „³
74 2839 77 2842 Ι
115 2787 268 2823 norm
297 2778 424 2837 copia
453 2778 681 2831 instructae,
702 2786 751 2820 ut
781 2777 990 2834 particeps
1010 2777 1090 2820 effe
1110 2778 1232 2835 poffit
1262 2794 1507 2839 congruen-

115 2847 228 2892 tium
246 2847 392 2894 virtuti
412 2847 649 2902 actionum.
709 2846 767 2890 lis
786 2854 949 2900 autem,
971 2847 1047 2904 qui
1077 2846 1172 2891 haec
1194 2847 1238 2891 in
1259 2858 1506 2894 controver-
