1898 3308
484 149 578 192 DE
618 116 1046 191 31:121]ssch
1093 146 1151 188 11
1186 155 1226 200 7.
1463 155 1545 200 433

150 269 360 350 'naheren
392 270 590 330 pertinet,
622 270 735 313 male
765 267 954 320 habet,
944 283 985 310 m
1016 268 1078 311 eis
1106 268 1335 311 dimidium
1365 266 1550 311 civitatis

321 339 480 384 aridum
496 340 558 382 est
578 354 662 382 non
683 337 762 381 effe
783 337 956 395 legibus
977 345 1258 393 temperatum
1277 353 1287 378 z
1320 336 1436 393 quod
1459 336 1549 380 iilic

268 408 321 453 it.
377 408 492 454 Nam
516 424 614 454 cum
637 417 771 452 totam
794 406 1010 450 civitatem
1032 405 1140 447 lator
1160 404 1308 462 legum
1338 405 1463 447 vellet
1495 405 1550 448 ad

159 470 402 526 &nudos
420 487 465 521 et
482 477 756 536 perferendos
783 475 949 519 labores
969 473 1050 519 effe
1070 473 1225 516 fortem
1247 487 1296 515 ac
1317 474 1547 526 robustam,

158 545 325 594 inmitis
345 536 521 606 quidem
542 546 774 606 perspicue
793 544 910 602 quod
944 543 1114 587 volebat
1146 540 1354 584 assecutus
1384 543 1469 585 estz
1503 544 1547 585 in

157 613 425 661 unalia-ibus
443 630 543 659 vero
576 613 871 673 negligentem
904 611 944 655 se
972 610 1178 670 praebuit.
1239 610 1402 653 Vivunt
1432 611 1548 654 enim

127 664 492 742 intemperanter
528 691 573 727 et
606 681 834 735 luxuriose,
879 680 932 724 ad
971 693 1099 723 omne
1141 678 1300 721 scilicet
1339 679 1550 737 intempe-

157 751 309 796 tantiae
328 767 468 812 genus
494 751 642 795 solutae
667 759 796 808 atque
825 749 1193 806 effusae.1taque
1225 748 1384 790 necefl'e
1415 749 1515 790 est
1504 765 1549 791 ιη

155 819 232 864 tali
247 821 500 880 reipublicae
519 818 860 864 administrandae
891 818 1028 862 forma
1057 817 1232 876 plurimi
1255 817 1342 860 fieri
1362 818 1549 872 divitias,

155 889 341 933 maxime
361 889 389 932 fi
409 890 487 934 viri
505 889 583 933 sub
607 889 835 948 imperium
856 897 899 932 et
918 881 1166 946 potestatem
1189 887 1419 930 mulierum
1448 888 1548 945 sub-¹

145 955 256 1016 Joffl
288 957 395 1001 fin't:
432 957 800 1015 quemadmodum
833 955 983 999 multae
1018 954 1224 998 militares
1257 963 1300 998 et
1335 956 1550 999 bellicosae

153 1025 366 1081 nationes,
382 1030 540 1085 praeter
555 1027 717 1080 Celtas,
739 1036 784 1070 et
803 1027 827 1069 fi
849 1026 925 1084 qui
945 1026 1016 1069 alii
1037 1025 1175 1084 palam
1193 1026 1552 1070 consuetudinem

153 1101 200 1138 et
235 1095 520 1139 concubitum
559 1110 662 1139 cum
711 1094 906 1138 masculis
955 1094 1304 1152 comprobarunt.
1365 1093 1551 1138 Videtur

153 1159 271 1207 mim
301 1163 340 1207 is
367 1163 444 1222 qui
474 1163 639 1222 primus
669 1162 834 1207 fabulas
868 1162 1125 1221 composuit,
1146 1177 1230 1204 non
1264 1172 1425 1206 temere
1446 1177 1548 1206 cum

151 1231 300 1277 Marte
328 1232 544 1277 Venerem
573 1233 783 1291 copulasse
814 1242 859 1276 et
888 1231 1166 1290 conjunxifl‘e.
1225 1232 1319 1276 Aut
1347 1233 1463 1276 enim
1493 1233 1549 1276 ad

152 1297 435 1345 mulorum
465 1301 751 1360 congressum,
773 1311 848 1344 aut
877 1300 929 1343 ad
956 1299 1243 1353 foeminarum,
1266 1300 1372 1344 tales
1403 1301 1546 1344 homi-

151 1382 229 1413 nen
251 1364 468 1425 videntur
482 1369 562 1413 effe
591 1363 816 1428 proclives.
877 1368 1043 1412 Iccirco
1073 1369 1157 1412 hoc
1188 1369 1304 1428 apud
1341 1370 1547 1413 Lacedae*-

151 1436 335 1483 monice.
348 1438 502 1483 locum
534 1438 774 1491 obtinebat,
806 1446 851 1481 et
883 1438 1062 1482 multa'
1052 1454 1094 1480 m
1129 1453 1275 1482 eorum
1310 1439 1492 1497 imperio
1522 1454 1549 1483 a

149 1505 404 1554 mfflmbus
421 1508 836 1558 administrabantur.
894 1507 1032 1566 Atqui
1058 1507 1163 1566 quid
1193 1507 1377 1562 interest,
1399 1518 1546 1553 utrum

148 1573 348 1622 mulieres
366 1576 614 1636 reipublicae
635 1578 800 1636 praefint
818 1587 949 1634 atque
969 1577 1197 1634 imperent,
1218 1591 1272 1619 an
1293 1577 1544 1634 reipublicae

147 1646 337 1704 praefeffi
356 1646 597 1694 'mulierum
626 1648 832 1692 arbitratu
863 1646 1171 1705 rempublicam
1199 1648 1382 1705 gerant?
1419 1647 1541 1691 Idem

147 1714 264 1759 enim
297 1716 516 1775 utrimque
548 1716 653 1759 mali
684 1715 977 1774 proficiscitur.
1037 1714 1151 1757 Cum
1185 1723 1331 1758 autem
1365 1711 1619 1765 audacia65

149 1781 205 1826 ad
223 1782 389 1829 nullam
408 1799 500 1828 rem
517 1784 815 1843 quotidianam
834 1792 963 1840 atque
982 1783 1176 1826 ufitatam
1198 1783 1245 1825 fit
1267 1783 1402 1837 utilis,
1421 1784 1490 1826 sed
1512 1785 1538 1827 fi

149 1850 262 1896 forte
294 1851 339 1895 in
374 1852 506 1906 bello,
540 1852 634 1896 usui
666 1851 746 1896 effe
783 1851 922 1910 poffit,
959 1851 1090 1893 etiam
1122 1851 1164 1893 in
1203 1852 1331 1895 rebus
1371 1852 1541 1896 bellicis

149 1920 337 1965 maximo
364 1921 524 1969 dmnno
556 1921 730 1965 fuerunt
761 1919 1188 1964 Lacedaemoniorum
1221 1920 1438 1965 foeminae:
1471 1922 1540 1964 id-

145 1988 295 2048 quein
322 1988 560 2035 incurfione
588 1990 899 2034 Thebanorum
927 1988 1210 2032 declararunt.
1270 1991 1387 2032 Nam
1417 1991 1538 2034 utili-

143 2066 280 2103 tatem
298 2053 662 2118 quidem-nullam
689 2058 941 2111 attulerunt,
968 2058 1331 2116 quemadmodum
1368 2060 1411 2102 in
1445 2060 1540 2103 aliis

142 2126 414 2172 civitatibus:
446 2128 518 2172 sed
549 2127 879 2187 trepidationem
917 2136 964 2170 et
1001 2127 1241 2170 tumultum
1273 2128 1438 2172 civitati
1469 2129 1536 2172 in·

141 2195 357 2241 cufferunt
388 2195 610 2257 majorem,
642 2212 772 2256 quam
803 2196 957 2240 hostes.
1017 2196 1151 2239 Initio
1180 2196 1316 2255 igitur
1342 2213 1428 2241 non
1457 2199 1539 2242 im-

142 2265 298 2310 merito
322 2264 435 2310 hanc
463 2265 685 2310 licentiam
715 2265 915 2309 videntur
941 2265 1262 2308 Lacedaemonii
1282 2267 1536 2311 mulieribus

141 2333 395 2392 permififfe„
435 2335 554 2378 Nam
585 2334 737 2392 procul
766 2349 792 2376 a
818 2333 948 2378 domo
979 2342 1150 2392 propter
1179 2334 1380 2378 militiam
1410 2351 1533 2394 pere-

139 2402 435 2462 grinabantur,
467 2418 585 2446 nunc
616 2403 780 2446 bellum
812 2402 1044 2460 Argivum,
1081 2418 1198 2446 nunc
1227 2404 1366 2448 rursus
1397 2406 1533 2450 Arca-

138 2471 287 2515 dicum
306 2480 352 2515 et
373 2471 683 2515 Meffeniacum
705 2479 919 2530 gerentes.
979 2471 1134 2530 Otium
1155 2481 1301 2515 autem
1321 2481 1365 2515 et
1385 2488 1534 2531 pacem

138 2540 270 2594 nacti,-
290 2539 441 2598 seipsos
461 2539 638 2597 quidem
661 2549 832 2598 propter
862 2538 994 2583 vitam
1027 2539 1259 2583 militarem
1277 2541 1402 2584 latori
1422 2542 1534 2602 legis

134 2610 250 2669 quafi
297 2619 553 2668 praeparatos
611 2617 656 2651 et
713 2607 923 2651 flexibiles
979 2607 1209 2667 facilesque
1263 2611 1529 2668 praebebant.

137 2676 304 2730 Multas
320 2677 437 2720 enim
456 2677 626 2720 virtutis
654 2686 794 2734 partes
825 2675 1022 2719 continet
1051 2676 1126 2719 illa
1155 2676 1257 2721 vita.
1320 2680 1353 2722 F
1354 2680 1534 2724 oeminas

136 2747 280 2796 autem
300 2746 423 2790 aiunt
443 2748 694 2804 Lycurgum
717 2745 792 2788 sub
806 2742 966 2803 'legum
986 2744 1150 2804 jugum
1170 2746 1381 2790 adducere
1402 2763 1533 2791 cona-

135 2823 248 2868 tum,
268 2830 370 2859 cum
401 2813 487 2858 illae
517 2814 813 2868 reclamarent,
842 2823 888 2856 et
922 2823 1070 2856 contra
1101 2814 1351 2869 niterentur,
1377 2817 1430 2860 ab
1464 2818 1530 2859 in-

826 2896 850 2924 r
870 2882 894 2923 f
