<?xml version="1.0" encoding="UTF-8"?>
<!DOCTYPE html PUBLIC "-//W3C//DTD XHTML 1.0 Transitional//EN"
    "http://www.w3.org/TR/xhtml1/DTD/xhtml1-transitional.dtd">
<html xmlns="http://www.w3.org/1999/xhtml" xml:lang="en" lang="en">
 <head>
  <title>
</title>
<meta http-equiv="Content-Type" content="text/html;charset=utf-8" />
  <meta name='ocr-system' content='tesseract 3.04.00' />
  <meta name='ocr-capabilities' content='ocr_page ocr_carea ocr_par ocr_line ocrx_word'/>
</head>
<body>
  <div class='ocr_page' id='page_1' title='image "./politicagreeklat02arisuoft_0185.png"; bbox 0 0 1942 3320; ppageno 0'>
   <div class='ocr_carea' id='block_1_1' title="bbox 0 264 129 428">
    <p class='ocr_par' dir='ltr' id='par_1_1' title="bbox 0 264 129 428">
     <span class='ocr_line' id='line_1_1' title="bbox 0 264 129 428; baseline 0 -98"><span class='ocrx_word' id='word_1_1' title='bbox 0 264 129 428; x_wconf 95' lang='lat' dir='ltr'>   </span> 
     </span>
    </p>
   </div>
   <div class='ocr_carea' id='block_1_2' title="bbox 452 170 1513 227">
    <p class='ocr_par' dir='ltr' id='par_1_2' title="bbox 452 170 1513 227">
     <span class='ocr_line' id='line_1_2' title="bbox 452 170 1513 227; baseline -0.004 -10"><span class='ocrx_word' id='word_1_2' title='bbox 452 173 548 217; x_wconf 85' lang='lat' dir='ltr'>DE</span> <span class='ocrx_word' id='word_1_3' title='bbox 589 170 1015 215; x_wconf 84' lang='lat' dir='ltr'>REPUBLICA</span> <span class='ocrx_word' id='word_1_4' title='bbox 1058 171 1118 213; x_wconf 91' lang='lat'>11.</span> <span class='ocrx_word' id='word_1_5' title='bbox 1150 183 1189 216; x_wconf 85' lang='lat'>2.</span> <span class='ocrx_word' id='word_1_6' title='bbox 1427 182 1513 227; x_wconf 88' lang='lat'>409</span> 
     </span>
    </p>
   </div>
   <div class='ocr_carea' id='block_1_3' title="bbox 4 292 1599 2888">
    <p class='ocr_par' dir='ltr' id='par_1_3' title="bbox 4 292 1599 2888">
     <span class='ocr_line' id='line_1_3' title="bbox 112 292 1513 352; baseline -0.006 -10"><span class='ocrx_word' id='word_1_7' title='bbox 112 295 475 350; x_wconf 59' lang='lat' dir='ltr'>=mn¹nliud</span> <span class='ocrx_word' id='word_1_8' title='bbox 503 296 664 340; x_wconf 70' lang='lat' dir='ltr'>malum</span> <span class='ocrx_word' id='word_1_9' title='bbox 694 294 797 338; x_wconf 76' lang='lat' dir='ltr'>inest</span> <span class='ocrx_word' id='word_1_10' title='bbox 817 293 859 337; x_wconf 93' lang='lat' dir='ltr'>in</span> <span class='ocrx_word' id='word_1_11' title='bbox 881 309 933 337; x_wconf 88' lang='lat' dir='ltr'>eo</span> <span class='ocrx_word' id='word_1_12' title='bbox 958 294 1072 352; x_wconf 89' lang='lat' dir='ltr'>quod</span> <span class='ocrx_word' id='word_1_13' title='bbox 1094 310 1119 336; x_wconf 88' lang='lat' dir='ltr'>a</span> <span class='ocrx_word' id='word_1_14' title='bbox 1140 295 1315 337; x_wconf 85' lang='lat' dir='ltr'>Socrate</span> <span class='ocrx_word' id='word_1_15' title='bbox 1341 292 1513 336; x_wconf 87' lang='lat' dir='ltr'>dicitur.</span> 
     </span>
     <span class='ocr_line' id='line_1_4' title="bbox 127 361 1594 424; baseline -0.007 -12"><span class='ocrx_word' id='word_1_16' title='bbox 127 363 391 424; x_wconf 33' lang='lat' dir='ltr'>mv-qmd</span> <span class='ocrx_word' id='word_1_17' title='bbox 418 364 701 421; x_wconf 69' lang='lat' dir='ltr'>plurimorum</span> <span class='ocrx_word' id='word_1_18' title='bbox 726 377 966 407; x_wconf 60' lang='lat' dir='ltr'>&lt;commune</span> <span class='ocrx_word' id='word_1_19' title='bbox 989 363 1062 414; x_wconf 82' lang='lat' dir='ltr'>est,</span> <span class='ocrx_word' id='word_1_20' title='bbox 1085 362 1128 404; x_wconf 88' lang='lat' dir='ltr'>in</span> <span class='ocrx_word' id='word_1_21' title='bbox 1159 376 1213 404; x_wconf 88' lang='lat' dir='ltr'>eo</span> <span class='ocrx_word' id='word_1_22' title='bbox 1245 361 1511 418; x_wconf 87' lang='lat' dir='ltr'>procurando</span> <span class='ocrx_word' id='word_1_23' title='bbox 1529 372 1594 422; x_wconf 80' lang='lat'>37</span> 
     </span>
     <span class='ocr_line' id='line_1_5' title="bbox 16 429 1515 492; baseline -0.004 -13"><span class='ocrx_word' id='word_1_24' title='bbox 16 476 20 483; x_wconf 89' lang='grc'><strong>,</strong></span> <span class='ocrx_word' id='word_1_25' title='bbox 122 431 842 492; x_wconf 42' lang='lat' dir='ltr'>‘nssimmaeduigentia..adhibetur.</span> <span class='ocrx_word' id='word_1_26' title='bbox 901 433 1058 475; x_wconf 84' lang='lat' dir='ltr'>Rerum</span> <span class='ocrx_word' id='word_1_27' title='bbox 1094 430 1209 473; x_wconf 88' lang='lat' dir='ltr'>enim</span> <span class='ocrx_word' id='word_1_28' title='bbox 1249 429 1515 487; x_wconf 82' lang='lat' dir='ltr'>propriarum</span> 
     </span>
     <span class='ocr_line' id='line_1_6' title="bbox 13 498 1517 563; baseline -0.004 -17"><span class='ocrx_word' id='word_1_29' title='bbox 13 503 34 563; x_wconf 60' lang='lat' dir='ltr'>g:</span> <span class='ocrx_word' id='word_1_30' title='bbox 127 501 358 545; x_wconf 67' lang='lat' dir='ltr'>minum</span> <span class='ocrx_word' id='word_1_31' title='bbox 385 515 530 544; x_wconf 86' lang='lat' dir='ltr'>curam</span> <span class='ocrx_word' id='word_1_32' title='bbox 563 500 738 552; x_wconf 85' lang='lat' dir='ltr'>habent,</span> <span class='ocrx_word' id='word_1_33' title='bbox 758 500 1053 542; x_wconf 89' lang='lat' dir='ltr'>communium</span> <span class='ocrx_word' id='word_1_34' title='bbox 1088 507 1163 542; x_wconf 90' lang='lat' dir='ltr'>aut</span> <span class='ocrx_word' id='word_1_35' title='bbox 1194 498 1420 548; x_wconf 84' lang='lat' dir='ltr'>minorem,</span> <span class='ocrx_word' id='word_1_36' title='bbox 1440 506 1517 546; x_wconf 80' lang='lat' dir='ltr'>aut</span> 
     </span>
     <span class='ocr_line' id='line_1_7' title="bbox 15 565 1515 627; baseline -0.005 -13"><span class='ocrx_word' id='word_1_37' title='bbox 15 565 19 626; x_wconf 32' lang='grc' dir='ltr'><em>ᾗ</em></span> <span class='ocrx_word' id='word_1_38' title='bbox 126 578 332 627; x_wconf 65' lang='lat' dir='ltr'>quantam</span> <span class='ocrx_word' id='word_1_39' title='bbox 361 569 416 612; x_wconf 80' lang='lat' dir='ltr'>ad</span> <span class='ocrx_word' id='word_1_40' title='bbox 446 583 664 627; x_wconf 84' lang='lat' dir='ltr'>quemque</span> <span class='ocrx_word' id='word_1_41' title='bbox 694 569 863 611; x_wconf 85' lang='lat' dir='ltr'>attinet.</span> <span class='ocrx_word' id='word_1_42' title='bbox 924 569 1041 610; x_wconf 89' lang='lat' dir='ltr'>Nam</span> <span class='ocrx_word' id='word_1_43' title='bbox 1062 576 1214 624; x_wconf 88' lang='lat' dir='ltr'>praeter</span> <span class='ocrx_word' id='word_1_44' title='bbox 1232 566 1336 609; x_wconf 85' lang='lat' dir='ltr'>alias</span> <span class='ocrx_word' id='word_1_45' title='bbox 1356 565 1515 617; x_wconf 86' lang='lat' dir='ltr'>causas,</span> 
     </span>
     <span class='ocr_line' id='line_1_8' title="bbox 24 625 1517 694; baseline -0.003 -13"><span class='ocrx_word' id='word_1_46' title='bbox 24 631 34 643; x_wconf 75' lang='grc'>’”</span> <span class='ocrx_word' id='word_1_47' title='bbox 93 637 314 681; x_wconf 55' lang='lat' dir='ltr'>*oovfunt</span> <span class='ocrx_word' id='word_1_48' title='bbox 343 637 388 680; x_wconf 87' lang='lat' dir='ltr'>in</span> <span class='ocrx_word' id='word_1_49' title='bbox 419 639 545 680; x_wconf 80' lang='lat' dir='ltr'>rebus</span> <span class='ocrx_word' id='word_1_50' title='bbox 579 637 882 680; x_wconf 82' lang='lat' dir='ltr'>communibus</span> <span class='ocrx_word' id='word_1_51' title='bbox 915 635 1268 694; x_wconf 74' lang='lat' dir='ltr'>negligentiores,</span> <span class='ocrx_word' id='word_1_52' title='bbox 1298 634 1415 693; x_wconf 73' lang='lat' dir='ltr'>quod¹</span> <span class='ocrx_word' id='word_1_53' title='bbox 1445 625 1517 677; x_wconf 81' lang='lat' dir='ltr'>eas</span> 
     </span>
     <span class='ocr_line' id='line_1_9' title="bbox 7 701 1517 760; baseline -0.003 -11"><span class='ocrx_word' id='word_1_54' title='bbox 7 753 11 760; x_wconf 55' lang='grc'><strong>,</strong></span> <span class='ocrx_word' id='word_1_55' title='bbox 126 704 354 758; x_wconf 63' lang='lat' dir='ltr'>ullium</span> <span class='ocrx_word' id='word_1_56' title='bbox 385 705 466 748; x_wconf 84' lang='lat' dir='ltr'>esse</span> <span class='ocrx_word' id='word_1_57' title='bbox 490 705 758 754; x_wconf 83' lang='lat' dir='ltr'>existiment.</span> <span class='ocrx_word' id='word_1_58' title='bbox 803 703 1184 753; x_wconf 73' lang='lat' dir='ltr'>Quemadmodum</span> <span class='ocrx_word' id='word_1_59' title='bbox 1216 703 1385 745; x_wconf 85' lang='lat' dir='ltr'>evenire</span> <span class='ocrx_word' id='word_1_60' title='bbox 1411 701 1517 745; x_wconf 89' lang='lat' dir='ltr'>solet</span> 
     </span>
     <span class='ocr_line' id='line_1_10' title="bbox 106 770 1519 832; baseline -0.003 -15.315"><span class='ocrx_word' id='word_1_61' title='bbox 106 773 182 817; x_wconf 36' lang='lat' dir='ltr'>win</span> <span class='ocrx_word' id='word_1_62' title='bbox 177 773 431 817; x_wconf 80' lang='lat' dir='ltr'>ministeriis</span> <span class='ocrx_word' id='word_1_63' title='bbox 452 773 689 816; x_wconf 86' lang='lat' dir='ltr'>vernalibus</span> <span class='ocrx_word' id='word_1_64' title='bbox 708 787 759 815; x_wconf 90' lang='lat' dir='ltr'>ac</span> <span class='ocrx_word' id='word_1_65' title='bbox 778 772 1015 816; x_wconf 85' lang='lat' dir='ltr'>servilibus.</span> <span class='ocrx_word' id='word_1_66' title='bbox 1077 771 1214 814; x_wconf 87' lang='lat' dir='ltr'>Multi</span> <span class='ocrx_word' id='word_1_67' title='bbox 1230 771 1346 814; x_wconf 89' lang='lat' dir='ltr'>enim</span> <span class='ocrx_word' id='word_1_68' title='bbox 1368 770 1519 832; x_wconf 85' lang='lat' dir='ltr'>famuli</span> 
     </span>
     <span class='ocr_line' id='line_1_11' title="bbox 76 827 1516 898; baseline -0.003 -12.206"><span class='ocrx_word' id='word_1_69' title='bbox 76 827 358 898; x_wconf 55' lang='grc' dir='ltr'><em>Μῶνω·</em></span> <span class='ocrx_word' id='word_1_70' title='bbox 374 842 576 885; x_wconf 79' lang='lat' dir='ltr'>deterius</span> <span class='ocrx_word' id='word_1_71' title='bbox 594 841 856 884; x_wconf 81' lang='lat' dir='ltr'>famulantur</span> <span class='ocrx_word' id='word_1_72' title='bbox 886 856 936 884; x_wconf 89' lang='lat' dir='ltr'>ac</span> <span class='ocrx_word' id='word_1_73' title='bbox 967 841 1218 894; x_wconf 84' lang='lat' dir='ltr'>ministrant,</span> <span class='ocrx_word' id='word_1_74' title='bbox 1248 854 1375 897; x_wconf 89' lang='lat' dir='ltr'>quam</span> <span class='ocrx_word' id='word_1_75' title='bbox 1411 854 1516 897; x_wconf 88' lang='lat' dir='ltr'>pau-</span> 
     </span>
     <span class='ocr_line' id='line_1_12' title="bbox 4 907 1518 966; baseline -0.003 -12"><span class='ocrx_word' id='word_1_76' title='bbox 4 910 10 937; x_wconf 47' lang='lat' dir='ltr'>i</span> <span class='ocrx_word' id='word_1_77' title='bbox 100 910 279 954; x_wconf 65' lang='lat' dir='ltr'>{dores</span> <span class='ocrx_word' id='word_1_78' title='bbox 316 911 470 954; x_wconf 85' lang='lat' dir='ltr'>Fiunt</span> <span class='ocrx_word' id='word_1_79' title='bbox 496 919 643 954; x_wconf 75' lang='lat' dir='ltr'>autem</span> <span class='ocrx_word' id='word_1_80' title='bbox 674 910 907 966; x_wconf 84' lang='lat' dir='ltr'>unicuique</span> <span class='ocrx_word' id='word_1_81' title='bbox 925 910 1008 952; x_wconf 85' lang='lat' dir='ltr'>civi</span> <span class='ocrx_word' id='word_1_82' title='bbox 1035 909 1154 951; x_wconf 91' lang='lat' dir='ltr'>mille</span> <span class='ocrx_word' id='word_1_83' title='bbox 1175 908 1280 951; x_wconf 89' lang='lat' dir='ltr'>filii.</span> <span class='ocrx_word' id='word_1_84' title='bbox 1313 918 1442 966; x_wconf 85' lang='lat' dir='ltr'>atque</span> <span class='ocrx_word' id='word_1_85' title='bbox 1471 907 1518 950; x_wconf 87' lang='lat' dir='ltr'>hi</span> 
     </span>
     <span class='ocr_line' id='line_1_13' title="bbox 42 976 1517 1037; baseline -0.001 -18"><span class='ocrx_word' id='word_1_86' title='bbox 42 1023 44 1026; x_wconf 51' lang='grc'>,</span> <span class='ocrx_word' id='word_1_87' title='bbox 117 978 538 1037; x_wconf 59' lang='lat' dir='ltr'>-mgmucujusque</span> <span class='ocrx_word' id='word_1_88' title='bbox 572 979 648 1021; x_wconf 84' lang='lat' dir='ltr'>filii</span> <span class='ocrx_word' id='word_1_89' title='bbox 679 979 790 1030; x_wconf 89' lang='lat' dir='ltr'>sunt,</span> <span class='ocrx_word' id='word_1_90' title='bbox 823 977 892 1020; x_wconf 92' lang='lat' dir='ltr'>sed</span> <span class='ocrx_word' id='word_1_91' title='bbox 924 978 1147 1036; x_wconf 87' lang='lat' dir='ltr'>cujussibet</span> <span class='ocrx_word' id='word_1_92' title='bbox 1181 976 1366 1035; x_wconf 78' lang='lat' dir='ltr'>quilibet</span> <span class='ocrx_word' id='word_1_93' title='bbox 1395 990 1517 1033; x_wconf 80' lang='lat' dir='ltr'>aeque</span> 
     </span>
     <span class='ocr_line' id='line_1_14' title="bbox 12 1045 1519 1115; baseline -0.004 -23"><span class='ocrx_word' id='word_1_94' title='bbox 12 1058 40 1115; x_wconf 34' lang='lat' dir='ltr'>h·</span> <span class='ocrx_word' id='word_1_95' title='bbox 107 1045 245 1098; x_wconf 66' lang='lat' dir='ltr'>filine</span> <span class='ocrx_word' id='word_1_96' title='bbox 255 1047 338 1097; x_wconf 41' lang='lat' dir='ltr'>§stt</span> <span class='ocrx_word' id='word_1_97' title='bbox 360 1083 367 1087; x_wconf 87' lang='grc'>.</span> <span class='ocrx_word' id='word_1_98' title='bbox 392 1047 544 1105; x_wconf 79' lang='lat' dir='ltr'>Itaque</span> <span class='ocrx_word' id='word_1_99' title='bbox 562 1061 711 1090; x_wconf 83' lang='lat' dir='ltr'>omnes</span> <span class='ocrx_word' id='word_1_100' title='bbox 734 1047 925 1089; x_wconf 88' lang='lat' dir='ltr'>fimiliter</span> <span class='ocrx_word' id='word_1_101' title='bbox 944 1046 1101 1089; x_wconf 86' lang='lat' dir='ltr'>liberos</span> <span class='ocrx_word' id='word_1_102' title='bbox 1122 1045 1361 1103; x_wconf 83' lang='lat' dir='ltr'>negligent.</span> <span class='ocrx_word' id='word_1_103' title='bbox 1403 1046 1519 1087; x_wconf 83' lang='lat' dir='ltr'>Prae-</span> 
     </span>
     <span class='ocr_line' id='line_1_15' title="bbox 7 1115 1519 1174; baseline 0.001 -17"><span class='ocrx_word' id='word_1_104' title='bbox 7 1125 10 1133; x_wconf 85' lang='grc'><em>“</em></span> <span class='ocrx_word' id='word_1_105' title='bbox 125 1115 555 1174; x_wconf 65' lang='lat' dir='ltr'>terea-unusquisque</span> <span class='ocrx_word' id='word_1_106' title='bbox 591 1117 729 1159; x_wconf 87' lang='lat' dir='ltr'>civem</span> <span class='ocrx_word' id='word_1_107' title='bbox 765 1116 844 1158; x_wconf 82' lang='lat' dir='ltr'>five</span> <span class='ocrx_word' id='word_1_108' title='bbox 880 1117 989 1159; x_wconf 91' lang='lat' dir='ltr'>bene</span> <span class='ocrx_word' id='word_1_109' title='bbox 1025 1131 1114 1158; x_wconf 84' lang='lat' dir='ltr'>rem</span> <span class='ocrx_word' id='word_1_110' title='bbox 1145 1116 1260 1158; x_wconf 84' lang='lat' dir='ltr'>suam</span> <span class='ocrx_word' id='word_1_111' title='bbox 1295 1124 1519 1172; x_wconf 80' lang='lat' dir='ltr'>gerentem</span> 
     </span>
     <span class='ocr_line' id='line_1_16' title="bbox 126 1183 1518 1246; baseline -0.002 -18"><span class='ocrx_word' id='word_1_112' title='bbox 126 1183 360 1246; x_wconf 57' lang='lat' dir='ltr'>fine-male.</span> <span class='ocrx_word' id='word_1_113' title='bbox 390 1194 634 1242; x_wconf 80' lang='lat' dir='ltr'>gerentem,</span> <span class='ocrx_word' id='word_1_114' title='bbox 674 1184 1016 1242; x_wconf 88' lang='lat' dir='ltr'>quotuscumque</span> <span class='ocrx_word' id='word_1_115' title='bbox 1057 1198 1238 1226; x_wconf 90' lang='lat' dir='ltr'>numero</span> <span class='ocrx_word' id='word_1_116' title='bbox 1278 1184 1341 1235; x_wconf 81' lang='lat' dir='ltr'>fit,</span> <span class='ocrx_word' id='word_1_117' title='bbox 1381 1183 1518 1226; x_wconf 87' lang='lat' dir='ltr'>filium</span> 
     </span>
     <span class='ocr_line' id='line_1_17' title="bbox 126 1252 1516 1310; baseline -0.003 -12"><span class='ocrx_word' id='word_1_118' title='bbox 126 1252 361 1305; x_wconf 73' lang='lat' dir='ltr'>suum-effe</span> <span class='ocrx_word' id='word_1_119' title='bbox 390 1253 513 1305; x_wconf 67' lang='lat' dir='ltr'>dici-t,</span> <span class='ocrx_word' id='word_1_120' title='bbox 545 1253 659 1296; x_wconf 89' lang='lat' dir='ltr'>verbi</span> <span class='ocrx_word' id='word_1_121' title='bbox 692 1252 846 1310; x_wconf 84' lang='lat' dir='ltr'>gratia,</span> <span class='ocrx_word' id='word_1_122' title='bbox 876 1253 948 1295; x_wconf 84' lang='lat' dir='ltr'>hic</span> <span class='ocrx_word' id='word_1_123' title='bbox 979 1252 1092 1295; x_wconf 86' lang='lat' dir='ltr'>filius</span> <span class='ocrx_word' id='word_1_124' title='bbox 1123 1267 1260 1303; x_wconf 89' lang='lat' dir='ltr'>meus,</span> <span class='ocrx_word' id='word_1_125' title='bbox 1282 1261 1356 1295; x_wconf 89' lang='lat' dir='ltr'>aut</span> <span class='ocrx_word' id='word_1_126' title='bbox 1385 1252 1516 1305; x_wconf 86' lang='lat' dir='ltr'>illius,</span> 
     </span>
     <span class='ocr_line' id='line_1_18' title="bbox 125 1320 1518 1379; baseline 0 -15"><span class='ocrx_word' id='word_1_127' title='bbox 125 1331 200 1373; x_wconf 78' lang='lat' dir='ltr'>aut</span> <span class='ocrx_word' id='word_1_128' title='bbox 218 1320 337 1371; x_wconf 57' lang='lat' dir='ltr'>illiue</span> <span class='ocrx_word' id='word_1_129' title='bbox 353 1322 410 1366; x_wconf 81' lang='lat' dir='ltr'>est</span> <span class='ocrx_word' id='word_1_130' title='bbox 427 1339 438 1365; x_wconf 71' lang='grc' dir='ltr'><em>ε</em></span> <span class='ocrx_word' id='word_1_131' title='bbox 471 1332 602 1379; x_wconf 86' lang='lat' dir='ltr'>atque</span> <span class='ocrx_word' id='word_1_132' title='bbox 621 1323 705 1364; x_wconf 90' lang='lat' dir='ltr'>hoc</span> <span class='ocrx_word' id='word_1_133' title='bbox 730 1321 862 1364; x_wconf 89' lang='lat' dir='ltr'>modo</span> <span class='ocrx_word' id='word_1_134' title='bbox 881 1321 1065 1378; x_wconf 87' lang='lat' dir='ltr'>appellat</span> <span class='ocrx_word' id='word_1_135' title='bbox 1087 1335 1444 1379; x_wconf 88' lang='lat' dir='ltr'>unumquemque</span> <span class='ocrx_word' id='word_1_136' title='bbox 1464 1336 1518 1364; x_wconf 81' lang='lat' dir='ltr'>ex</span> 
     </span>
     <span class='ocr_line' id='line_1_19' title="bbox 125 1389 1519 1448; baseline -0.001 -14"><span class='ocrx_word' id='word_1_137' title='bbox 125 1389 246 1437; x_wconf 63' lang='lat' dir='ltr'>mille</span> <span class='ocrx_word' id='word_1_138' title='bbox 263 1390 446 1444; x_wconf 74' lang='lat' dir='ltr'>civibus,</span> <span class='ocrx_word' id='word_1_139' title='bbox 466 1401 541 1434; x_wconf 86' lang='lat' dir='ltr'>aut</span> <span class='ocrx_word' id='word_1_140' title='bbox 561 1398 778 1448; x_wconf 90' lang='lat' dir='ltr'>quotquot</span> <span class='ocrx_word' id='word_1_141' title='bbox 804 1390 970 1432; x_wconf 89' lang='lat' dir='ltr'>civibus</span> <span class='ocrx_word' id='word_1_142' title='bbox 993 1391 1153 1432; x_wconf 83' lang='lat' dir='ltr'>constat</span> <span class='ocrx_word' id='word_1_143' title='bbox 1174 1389 1346 1433; x_wconf 80' lang='lat' dir='ltr'>civitas.-</span> <span class='ocrx_word' id='word_1_144' title='bbox 1386 1390 1519 1448; x_wconf 87' lang='lat' dir='ltr'>idque</span> 
     </span>
     <span class='ocr_line' id='line_1_20' title="bbox 124 1458 1515 1511; baseline -0.001 -8"><span class='ocrx_word' id='word_1_145' title='bbox 124 1459 400 1509; x_wconf 42' lang='lat' dir='ltr'>dubiumr&amp;</span> <span class='ocrx_word' id='word_1_146' title='bbox 426 1459 638 1503; x_wconf 78' lang='lat' dir='ltr'>haefitans.</span> <span class='ocrx_word' id='word_1_147' title='bbox 698 1459 937 1502; x_wconf 87' lang='lat' dir='ltr'>Obscurum</span> <span class='ocrx_word' id='word_1_148' title='bbox 968 1459 1083 1501; x_wconf 88' lang='lat' dir='ltr'>enim</span> <span class='ocrx_word' id='word_1_149' title='bbox 1104 1459 1177 1511; x_wconf 86' lang='lat' dir='ltr'>est,</span> <span class='ocrx_word' id='word_1_150' title='bbox 1201 1458 1272 1501; x_wconf 92' lang='lat' dir='ltr'>cui</span> <span class='ocrx_word' id='word_1_151' title='bbox 1295 1458 1515 1511; x_wconf 85' lang='lat' dir='ltr'>acciderit,</span> 
     </span>
     <span class='ocr_line' id='line_1_21' title="bbox 124 1526 1518 1586; baseline 0.001 -16"><span class='ocrx_word' id='word_1_152' title='bbox 124 1537 178 1577; x_wconf 80' lang='lat' dir='ltr'>ut.</span> <span class='ocrx_word' id='word_1_153' title='bbox 188 1538 437 1586; x_wconf 60' lang='lat' dir='ltr'>memma</span> <span class='ocrx_word' id='word_1_154' title='bbox 458 1529 512 1570; x_wconf 89' lang='lat' dir='ltr'>ab</span> <span class='ocrx_word' id='word_1_155' title='bbox 530 1542 584 1571; x_wconf 89' lang='lat' dir='ltr'>eo</span> <span class='ocrx_word' id='word_1_156' title='bbox 603 1527 651 1569; x_wconf 85' lang='lat' dir='ltr'>fit</span> <span class='ocrx_word' id='word_1_157' title='bbox 672 1527 782 1570; x_wconf 88' lang='lat' dir='ltr'>filius</span> <span class='ocrx_word' id='word_1_158' title='bbox 801 1543 812 1569; x_wconf 71' lang='lat' dir='ltr'>t</span> <span class='ocrx_word' id='word_1_159' title='bbox 845 1537 889 1569; x_wconf 92' lang='lat' dir='ltr'>et</span> <span class='ocrx_word' id='word_1_160' title='bbox 910 1542 1009 1570; x_wconf 91' lang='lat' dir='ltr'>cum</span> <span class='ocrx_word' id='word_1_161' title='bbox 1031 1536 1276 1584; x_wconf 86' lang='lat' dir='ltr'>procreatus</span> <span class='ocrx_word' id='word_1_162' title='bbox 1295 1528 1370 1579; x_wconf 88' lang='lat' dir='ltr'>est,</span> <span class='ocrx_word' id='word_1_163' title='bbox 1388 1526 1518 1571; x_wconf 86' lang='lat' dir='ltr'>fuerit</span> 
     </span>
     <span class='ocr_line' id='line_1_22' title="bbox 125 1597 1519 1655; baseline -0.004 -10"><span class='ocrx_word' id='word_1_164' title='bbox 125 1597 340 1645; x_wconf 55' lang='lat' dir='ltr'>semum.-</span> <span class='ocrx_word' id='word_1_165' title='bbox 373 1597 511 1655; x_wconf 85' lang='lat' dir='ltr'>Atqui</span> <span class='ocrx_word' id='word_1_166' title='bbox 533 1606 675 1640; x_wconf 87' lang='lat' dir='ltr'>utrum</span> <span class='ocrx_word' id='word_1_167' title='bbox 700 1597 856 1640; x_wconf 87' lang='lat' dir='ltr'>melius</span> <span class='ocrx_word' id='word_1_168' title='bbox 876 1598 934 1639; x_wconf 90' lang='lat' dir='ltr'>est</span> <span class='ocrx_word' id='word_1_169' title='bbox 954 1597 1016 1638; x_wconf 91' lang='lat' dir='ltr'>ita</span> <span class='ocrx_word' id='word_1_170' title='bbox 1035 1611 1180 1640; x_wconf 91' lang='lat' dir='ltr'>meum</span> <span class='ocrx_word' id='word_1_171' title='bbox 1199 1597 1342 1639; x_wconf 84' lang='lat' dir='ltr'>dicere</span> <span class='ocrx_word' id='word_1_172' title='bbox 1363 1612 1519 1640; x_wconf 88' lang='lat' dir='ltr'>unum-</span> 
     </span>
     <span class='ocr_line' id='line_1_23' title="bbox 127 1665 1518 1724; baseline -0.001 -15"><span class='ocrx_word' id='word_1_173' title='bbox 127 1679 349 1724; x_wconf 79' lang='lat' dir='ltr'>quemque</span> <span class='ocrx_word' id='word_1_174' title='bbox 380 1666 496 1708; x_wconf 83' lang='lat' dir='ltr'>idem</span> <span class='ocrx_word' id='word_1_175' title='bbox 533 1665 812 1722; x_wconf 81' lang='lat' dir='ltr'>appellantes,</span> <span class='ocrx_word' id='word_1_176' title='bbox 849 1665 966 1723; x_wconf 91' lang='lat' dir='ltr'>quod</span> <span class='ocrx_word' id='word_1_177' title='bbox 1002 1666 1050 1707; x_wconf 86' lang='lat' dir='ltr'>fit</span> <span class='ocrx_word' id='word_1_178' title='bbox 1084 1681 1219 1707; x_wconf 90' lang='lat' dir='ltr'>unum</span> <span class='ocrx_word' id='word_1_179' title='bbox 1257 1665 1518 1716; x_wconf 73' lang='lat' dir='ltr'>de&#39;duobue</span> 
     </span>
     <span class='ocr_line' id='line_1_24' title="bbox 122 1732 1517 1795; baseline 0.001 -19"><span class='ocrx_word' id='word_1_180' title='bbox 122 1732 582 1795; x_wconf 8' lang='lat' dir='ltr'>bominumwmillibus,</span> <span class='ocrx_word' id='word_1_181' title='bbox 603 1743 678 1775; x_wconf 90' lang='lat' dir='ltr'>aut</span> <span class='ocrx_word' id='word_1_182' title='bbox 696 1733 750 1775; x_wconf 90' lang='lat' dir='ltr'>de</span> <span class='ocrx_word' id='word_1_183' title='bbox 769 1732 912 1776; x_wconf 86' lang='lat' dir='ltr'>decies</span> <span class='ocrx_word' id='word_1_184' title='bbox 933 1733 1051 1775; x_wconf 88' lang='lat' dir='ltr'>mille</span> <span class='ocrx_word' id='word_1_185' title='bbox 1075 1733 1342 1786; x_wconf 88' lang='lat' dir='ltr'>hominibus,</span> <span class='ocrx_word' id='word_1_186' title='bbox 1364 1749 1417 1776; x_wconf 89' lang='lat' dir='ltr'>an</span> <span class='ocrx_word' id='word_1_187' title='bbox 1437 1749 1517 1791; x_wconf 88' lang='lat' dir='ltr'>po·-</span> 
     </span>
     <span class='ocr_line' id='line_1_25' title="bbox 128 1801 1515 1850; baseline 0.001 -7"><span class='ocrx_word' id='word_1_188' title='bbox 128 1802 221 1845; x_wconf 67' lang='lat' dir='ltr'>tius</span> <span class='ocrx_word' id='word_1_189' title='bbox 250 1810 300 1850; x_wconf 79' lang='lat' dir='ltr'>ut</span> <span class='ocrx_word' id='word_1_190' title='bbox 334 1815 451 1844; x_wconf 78' lang='lat' dir='ltr'>nunc</span> <span class='ocrx_word' id='word_1_191' title='bbox 482 1801 527 1843; x_wconf 86' lang='lat' dir='ltr'>in</span> <span class='ocrx_word' id='word_1_192' title='bbox 560 1801 807 1844; x_wconf 87' lang='lat' dir='ltr'>civitatibus</span> <span class='ocrx_word' id='word_1_193' title='bbox 839 1816 985 1844; x_wconf 88' lang='lat' dir='ltr'>meum</span> <span class='ocrx_word' id='word_1_194' title='bbox 1018 1801 1201 1844; x_wconf 80' lang='lat' dir='ltr'>dicunt?</span> <span class='ocrx_word' id='word_1_195' title='bbox 1239 1802 1367 1844; x_wconf 82' lang='lat' dir='ltr'>Alius</span> <span class='ocrx_word' id='word_1_196' title='bbox 1401 1803 1515 1845; x_wconf 86' lang='lat' dir='ltr'>enim</span> 
     </span>
     <span class='ocr_line' id='line_1_26' title="bbox 127 1868 1519 1929; baseline 0.001 -15"><span class='ocrx_word' id='word_1_197' title='bbox 127 1868 265 1914; x_wconf 78' lang='lat' dir='ltr'>filium</span> <span class='ocrx_word' id='word_1_198' title='bbox 292 1869 436 1924; x_wconf 76' lang='lat' dir='ltr'>suum,</span> <span class='ocrx_word' id='word_1_199' title='bbox 469 1869 577 1912; x_wconf 83' lang='lat' dir='ltr'>alius</span> <span class='ocrx_word' id='word_1_200' title='bbox 609 1869 782 1913; x_wconf 77' lang='lat' dir='ltr'>fratrem</span> <span class='ocrx_word' id='word_1_201' title='bbox 813 1870 953 1922; x_wconf 88' lang='lat' dir='ltr'>suum,</span> <span class='ocrx_word' id='word_1_202' title='bbox 975 1870 1158 1913; x_wconf 88' lang='lat' dir='ltr'>eundem</span> <span class='ocrx_word' id='word_1_203' title='bbox 1187 1871 1388 1929; x_wconf 86' lang='lat' dir='ltr'>appellat,</span> <span class='ocrx_word' id='word_1_204' title='bbox 1409 1872 1519 1915; x_wconf 78' lang='lat' dir='ltr'>alius</span> 
     </span>
     <span class='ocr_line' id='line_1_27' title="bbox 127 1937 1520 1997; baseline 0.001 -16"><span class='ocrx_word' id='word_1_205' title='bbox 127 1937 380 1996; x_wconf 59' lang='lat' dir='ltr'>paludem,</span> <span class='ocrx_word' id='word_1_206' title='bbox 402 1938 474 1981; x_wconf 79' lang='lat' dir='ltr'>seu</span> <span class='ocrx_word' id='word_1_207' title='bbox 493 1938 810 1991; x_wconf 85' lang='lat' dir='ltr'>consobrinum,</span> <span class='ocrx_word' id='word_1_208' title='bbox 832 1948 907 1980; x_wconf 89' lang='lat' dir='ltr'>aut</span> <span class='ocrx_word' id='word_1_209' title='bbox 925 1938 1009 1981; x_wconf 89' lang='lat' dir='ltr'>alio</span> <span class='ocrx_word' id='word_1_210' title='bbox 1028 1938 1216 1995; x_wconf 89' lang='lat' dir='ltr'>quodam</span> <span class='ocrx_word' id='word_1_211' title='bbox 1248 1940 1520 1997; x_wconf 76' lang='lat' dir='ltr'>cognationis</span> 
     </span>
     <span class='ocr_line' id='line_1_28' title="bbox 125 2004 1521 2064; baseline 0.003 -16"><span class='ocrx_word' id='word_1_212' title='bbox 125 2004 199 2054; x_wconf 77' lang='lat' dir='ltr'>seu</span> <span class='ocrx_word' id='word_1_213' title='bbox 229 2005 559 2063; x_wconf 67' lang='lat' dir='ltr'>propinquitatis</span> <span class='ocrx_word' id='word_1_214' title='bbox 589 2005 778 2058; x_wconf 89' lang='lat' dir='ltr'>nomine,</span> <span class='ocrx_word' id='word_1_215' title='bbox 810 2006 875 2048; x_wconf 91' lang='lat' dir='ltr'>vel</span> <span class='ocrx_word' id='word_1_216' title='bbox 907 2021 962 2049; x_wconf 84' lang='lat' dir='ltr'>ex</span> <span class='ocrx_word' id='word_1_217' title='bbox 993 2006 1217 2064; x_wconf 89' lang='lat' dir='ltr'>sanguine,</span> <span class='ocrx_word' id='word_1_218' title='bbox 1253 2008 1321 2050; x_wconf 93' lang='lat' dir='ltr'>vel</span> <span class='ocrx_word' id='word_1_219' title='bbox 1351 2023 1406 2051; x_wconf 85' lang='lat' dir='ltr'>ex</span> <span class='ocrx_word' id='word_1_220' title='bbox 1435 2009 1521 2052; x_wconf 87' lang='lat' dir='ltr'>alia</span> 
     </span>
     <span class='ocr_line' id='line_1_29' title="bbox 126 2073 1517 2133; baseline 0.003 -15"><span class='ocrx_word' id='word_1_221' title='bbox 126 2073 430 2133; x_wconf 66' lang='grc' dir='ltr'><em>οοιῂννᾶἰοηο</em></span> <span class='ocrx_word' id='word_1_222' title='bbox 463 2082 523 2117; x_wconf 86' lang='lat' dir='ltr'>et.</span> <span class='ocrx_word' id='word_1_223' title='bbox 543 2073 747 2117; x_wconf 85' lang='lat' dir='ltr'>affinitate</span> <span class='ocrx_word' id='word_1_224' title='bbox 782 2075 968 2132; x_wconf 84' lang='lat' dir='ltr'>primum</span> <span class='ocrx_word' id='word_1_225' title='bbox 1010 2075 1097 2127; x_wconf 88' lang='lat' dir='ltr'>sua,</span> <span class='ocrx_word' id='word_1_226' title='bbox 1132 2075 1290 2118; x_wconf 88' lang='lat' dir='ltr'>deinde</span> <span class='ocrx_word' id='word_1_227' title='bbox 1326 2076 1517 2122; x_wconf 85' lang='lat' dir='ltr'>suorum.</span> 
     </span>
     <span class='ocr_line' id='line_1_30' title="bbox 71 2137 1518 2190; baseline 0.001 -3"><span class='ocrx_word' id='word_1_228' title='bbox 71 2137 76 2142; x_wconf 41' lang='lat'><strong>⁴</strong></span> <span class='ocrx_word' id='word_1_229' title='bbox 126 2142 498 2190; x_wconf 33' lang='lat' dir='ltr'>Praeoemnfalium</span> <span class='ocrx_word' id='word_1_230' title='bbox 534 2142 740 2186; x_wconf 88' lang='lat' dir='ltr'>curialem</span> <span class='ocrx_word' id='word_1_231' title='bbox 768 2152 843 2186; x_wconf 89' lang='lat' dir='ltr'>aut</span> <span class='ocrx_word' id='word_1_232' title='bbox 872 2142 1091 2186; x_wconf 83' lang='lat' dir='ltr'>tribulem.</span> <span class='ocrx_word' id='word_1_233' title='bbox 1123 2170 1127 2174; x_wconf 93' lang='lat'>-</span> <span class='ocrx_word' id='word_1_234' title='bbox 1152 2143 1297 2187; x_wconf 86' lang='lat' dir='ltr'>Satius</span> <span class='ocrx_word' id='word_1_235' title='bbox 1323 2145 1380 2187; x_wconf 89' lang='lat' dir='ltr'>est</span> <span class='ocrx_word' id='word_1_236' title='bbox 1401 2146 1518 2188; x_wconf 90' lang='lat' dir='ltr'>enim</span> 
     </span>
     <span class='ocr_line' id='line_1_31' title="bbox 127 2210 1517 2269; baseline 0.002 -15"><span class='ocrx_word' id='word_1_237' title='bbox 127 2210 318 2269; x_wconf 76' lang='lat' dir='ltr'>aliquem</span> <span class='ocrx_word' id='word_1_238' title='bbox 355 2210 466 2254; x_wconf 82' lang='lat' dir='ltr'>mihi</span> <span class='ocrx_word' id='word_1_239' title='bbox 504 2210 673 2269; x_wconf 85' lang='lat' dir='ltr'>privum</span> <span class='ocrx_word' id='word_1_240' title='bbox 713 2224 782 2253; x_wconf 63' lang='lat' dir='ltr'>aev</span> <span class='ocrx_word' id='word_1_241' title='bbox 801 2210 1022 2268; x_wconf 87' lang='lat' dir='ltr'>proprium</span> <span class='ocrx_word' id='word_1_242' title='bbox 1070 2210 1372 2255; x_wconf 89' lang='lat' dir='ltr'>consobrinum</span> <span class='ocrx_word' id='word_1_243' title='bbox 1420 2214 1517 2268; x_wconf 83' lang='lat' dir='ltr'>effe,</span> 
     </span>
     <span class='ocr_line' id='line_1_32' title="bbox 127 2278 1518 2339; baseline -0.001 -13"><span class='ocrx_word' id='word_1_244' title='bbox 127 2292 271 2338; x_wconf 67' lang='lat' dir='ltr'>quam·</span> <span class='ocrx_word' id='word_1_245' title='bbox 291 2278 379 2323; x_wconf 89' lang='lat' dir='ltr'>boc</span> <span class='ocrx_word' id='word_1_246' title='bbox 411 2278 544 2322; x_wconf 87' lang='lat' dir='ltr'>modo</span> <span class='ocrx_word' id='word_1_247' title='bbox 575 2278 727 2323; x_wconf 85' lang='lat' dir='ltr'>filium.</span> <span class='ocrx_word' id='word_1_248' title='bbox 786 2280 1096 2322; x_wconf 81' lang='lat' dir='ltr'>Verumtamen</span> <span class='ocrx_word' id='word_1_249' title='bbox 1133 2293 1187 2321; x_wconf 90' lang='lat' dir='ltr'>ne</span> <span class='ocrx_word' id='word_1_250' title='bbox 1222 2279 1307 2323; x_wconf 86' lang='lat' dir='ltr'>hoc</span> <span class='ocrx_word' id='word_1_251' title='bbox 1341 2280 1518 2339; x_wconf 90' lang='lat' dir='ltr'>quidem</span> 
     </span>
     <span class='ocr_line' id='line_1_33' title="bbox 128 2347 1520 2408; baseline 0.001 -15"><span class='ocrx_word' id='word_1_252' title='bbox 128 2348 260 2408; x_wconf 80' lang='lat' dir='ltr'>effugi</span> <span class='ocrx_word' id='word_1_253' title='bbox 280 2348 433 2406; x_wconf 73' lang='lat' dir='ltr'>potest,</span> <span class='ocrx_word' id='word_1_254' title='bbox 453 2348 560 2406; x_wconf 90' lang='lat' dir='ltr'>quin</span> <span class='ocrx_word' id='word_1_255' title='bbox 591 2347 786 2391; x_wconf 88' lang='lat' dir='ltr'>nonnulli</span> <span class='ocrx_word' id='word_1_256' title='bbox 817 2347 1054 2390; x_wconf 84' lang='lat' dir='ltr'>existiment</span> <span class='ocrx_word' id='word_1_257' title='bbox 1072 2347 1167 2390; x_wconf 91' lang='lat' dir='ltr'>suos</span> <span class='ocrx_word' id='word_1_258' title='bbox 1187 2347 1336 2391; x_wconf 88' lang='lat' dir='ltr'>fratres</span> <span class='ocrx_word' id='word_1_259' title='bbox 1356 2349 1452 2403; x_wconf 85' lang='lat' dir='ltr'>effe,</span> <span class='ocrx_word' id='word_1_260' title='bbox 1473 2359 1520 2394; x_wconf 90' lang='lat' dir='ltr'>et</span> 
     </span>
     <span class='ocr_line' id='line_1_34' title="bbox 128 2417 1518 2477; baseline -0.001 -14"><span class='ocrx_word' id='word_1_261' title='bbox 128 2418 255 2472; x_wconf 69' lang='lat' dir='ltr'>filios,</span> <span class='ocrx_word' id='word_1_262' title='bbox 273 2428 320 2463; x_wconf 85' lang='lat' dir='ltr'>et</span> <span class='ocrx_word' id='word_1_263' title='bbox 338 2428 494 2477; x_wconf 70' lang='lat' dir='ltr'>patrea,</span> <span class='ocrx_word' id='word_1_264' title='bbox 515 2426 561 2460; x_wconf 90' lang='lat' dir='ltr'>et</span> <span class='ocrx_word' id='word_1_265' title='bbox 579 2427 751 2461; x_wconf 85' lang='lat' dir='ltr'>matres.</span> <span class='ocrx_word' id='word_1_266' title='bbox 814 2418 879 2459; x_wconf 87' lang='lat' dir='ltr'>Ex</span> <span class='ocrx_word' id='word_1_267' title='bbox 900 2417 1246 2460; x_wconf 88' lang='lat' dir='ltr'>fimilitudinibus</span> <span class='ocrx_word' id='word_1_268' title='bbox 1266 2417 1383 2460; x_wconf 87' lang='lat' dir='ltr'>enim</span> <span class='ocrx_word' id='word_1_269' title='bbox 1407 2419 1518 2462; x_wconf 91' lang='lat' dir='ltr'>filio-</span> 
     </span>
     <span class='ocr_line' id='line_1_35' title="bbox 127 2484 1519 2543; baseline 0 -11"><span class='ocrx_word' id='word_1_270' title='bbox 127 2500 223 2532; x_wconf 80' lang='lat' dir='ltr'>rum</span> <span class='ocrx_word' id='word_1_271' title='bbox 262 2501 362 2531; x_wconf 86' lang='lat' dir='ltr'>cum</span> <span class='ocrx_word' id='word_1_272' title='bbox 399 2486 646 2543; x_wconf 79' lang='lat' dir='ltr'>parentibus</span> <span class='ocrx_word' id='word_1_273' title='bbox 677 2485 839 2528; x_wconf 81' lang='lat' dir='ltr'>neceffe</span> <span class='ocrx_word' id='word_1_274' title='bbox 871 2486 928 2528; x_wconf 88' lang='lat' dir='ltr'>est</span> <span class='ocrx_word' id='word_1_275' title='bbox 964 2485 1027 2541; x_wconf 82' lang='lat' dir='ltr'>eis</span> <span class='ocrx_word' id='word_1_276' title='bbox 1063 2484 1189 2527; x_wconf 89' lang='lat' dir='ltr'>fidem</span> <span class='ocrx_word' id='word_1_277' title='bbox 1227 2485 1316 2527; x_wconf 84' lang='lat' dir='ltr'>fieri</span> <span class='ocrx_word' id='word_1_278' title='bbox 1353 2495 1519 2532; x_wconf 86' lang='lat' dir='ltr'>mutuae</span> 
     </span>
     <span class='ocr_line' id='line_1_36' title="bbox 127 2552 1517 2614; baseline -0.001 -15"><span class='ocrx_word' id='word_1_279' title='bbox 127 2554 398 2614; x_wconf 71' lang='lat' dir='ltr'>cognationis</span> <span class='ocrx_word' id='word_1_280' title='bbox 417 2569 469 2599; x_wconf 82' lang='lat' dir='ltr'>ac</span> <span class='ocrx_word' id='word_1_281' title='bbox 488 2553 836 2612; x_wconf 76' lang='lat' dir='ltr'>propinquitatis,</span> <span class='ocrx_word' id='word_1_282' title='bbox 897 2553 1031 2596; x_wconf 80' lang='lat' dir='ltr'>Quod</span> <span class='ocrx_word' id='word_1_283' title='bbox 1060 2553 1190 2596; x_wconf 88' lang='lat' dir='ltr'>etiam</span> <span class='ocrx_word' id='word_1_284' title='bbox 1215 2552 1401 2597; x_wconf 89' lang='lat' dir='ltr'>fatentur</span> <span class='ocrx_word' id='word_1_285' title='bbox 1418 2555 1517 2611; x_wconf 87' lang='lat' dir='ltr'>qui-</span> 
     </span>
     <span class='ocr_line' id='line_1_37' title="bbox 125 2622 1516 2682; baseline -0.001 -13"><span class='ocrx_word' id='word_1_286' title='bbox 125 2625 228 2671; x_wconf 75' lang='lat' dir='ltr'>dam</span> <span class='ocrx_word' id='word_1_287' title='bbox 245 2639 410 2677; x_wconf 80' lang='lat' dir='ltr'>eorum,</span> <span class='ocrx_word' id='word_1_288' title='bbox 430 2623 505 2682; x_wconf 87' lang='lat' dir='ltr'>qui</span> <span class='ocrx_word' id='word_1_289' title='bbox 526 2633 650 2667; x_wconf 84' lang='lat' dir='ltr'>terrae</span> <span class='ocrx_word' id='word_1_290' title='bbox 669 2623 875 2666; x_wconf 88' lang='lat' dir='ltr'>circuitus</span> <span class='ocrx_word' id='word_1_291' title='bbox 908 2622 1086 2665; x_wconf 86' lang='lat' dir='ltr'>studiose</span> <span class='ocrx_word' id='word_1_292' title='bbox 1108 2623 1306 2674; x_wconf 65' lang='lat' dir='ltr'>tractant,</span> <span class='ocrx_word' id='word_1_293' title='bbox 1327 2625 1516 2668; x_wconf 86' lang='lat' dir='ltr'>evenire.</span> 
     </span>
     <span class='ocr_line' id='line_1_38' title="bbox 126 2691 1516 2751; baseline -0.001 -15"><span class='ocrx_word' id='word_1_294' title='bbox 126 2692 220 2737; x_wconf 76' lang='lat' dir='ltr'>Effe</span> <span class='ocrx_word' id='word_1_295' title='bbox 237 2692 356 2736; x_wconf 69' lang='lat' dir='ltr'>enim</span> <span class='ocrx_word' id='word_1_296' title='bbox 380 2691 632 2751; x_wconf 88' lang='lat' dir='ltr'>quibusdam</span> <span class='ocrx_word' id='word_1_297' title='bbox 653 2691 874 2749; x_wconf 87' lang='lat' dir='ltr'>superioris</span> <span class='ocrx_word' id='word_1_298' title='bbox 902 2691 1053 2748; x_wconf 86' lang='lat' dir='ltr'>Libyae</span> <span class='ocrx_word' id='word_1_299' title='bbox 1081 2691 1287 2748; x_wconf 85' lang='lat' dir='ltr'>gentibus</span> <span class='ocrx_word' id='word_1_300' title='bbox 1314 2706 1516 2735; x_wconf 88' lang='lat' dir='ltr'>commu-</span> 
     </span>
     <span class='ocr_line' id='line_1_39' title="bbox 127 2759 1599 2817; baseline -0.001 -10"><span class='ocrx_word' id='word_1_301' title='bbox 127 2774 390 2809; x_wconf 49' lang='lat' dir='ltr'>uenxuxores</span> <span class='ocrx_word' id='word_1_302' title='bbox 420 2759 713 2804; x_wconf 83' lang='lat' dir='ltr'>tradiderunt:</span> <span class='ocrx_word' id='word_1_303' title='bbox 747 2759 854 2802; x_wconf 82' lang='lat' dir='ltr'>filios</span> <span class='ocrx_word' id='word_1_304' title='bbox 883 2774 1009 2817; x_wconf 85' lang='lat' dir='ltr'>porro</span> <span class='ocrx_word' id='word_1_305' title='bbox 1036 2769 1159 2802; x_wconf 87' lang='lat' dir='ltr'>natos</span> <span class='ocrx_word' id='word_1_306' title='bbox 1185 2759 1375 2803; x_wconf 88' lang='lat' dir='ltr'>dividere</span> <span class='ocrx_word' id='word_1_307' title='bbox 1406 2759 1599 2816; x_wconf 66' lang='lat' dir='ltr'>intergss</span> 
     </span>
     <span class='ocr_line' id='line_1_40' title="bbox 128 2828 1516 2888; baseline -0.001 -12"><span class='ocrx_word' id='word_1_308' title='bbox 128 2829 171 2876; x_wconf 71' lang='lat' dir='ltr'>se</span> <span class='ocrx_word' id='word_1_309' title='bbox 201 2843 258 2874; x_wconf 75' lang='lat' dir='ltr'>ex</span> <span class='ocrx_word' id='word_1_310' title='bbox 291 2828 526 2888; x_wconf 78' lang='lat' dir='ltr'>formarum</span> <span class='ocrx_word' id='word_1_311' title='bbox 562 2828 922 2872; x_wconf 86' lang='lat' dir='ltr'>fimilitudinibus.</span> <span class='ocrx_word' id='word_1_312' title='bbox 983 2828 1094 2871; x_wconf 90' lang='lat' dir='ltr'>Sunt</span> <span class='ocrx_word' id='word_1_313' title='bbox 1122 2835 1267 2871; x_wconf 87' lang='lat' dir='ltr'>autem</span> <span class='ocrx_word' id='word_1_314' title='bbox 1297 2828 1516 2874; x_wconf 84' lang='lat' dir='ltr'>nonnullae</span> 
     </span>
    </p>
   </div>
   <div class='ocr_carea' id='block_1_4' title="bbox 0 642 64 1673">
    <p class='ocr_par' dir='ltr' id='par_1_4' title="bbox 0 642 64 1673">
     <span class='ocr_line' id='line_1_41' title="bbox 0 642 64 1673; baseline 0 0"><span class='ocrx_word' id='word_1_315' title='bbox 0 642 64 1673; x_wconf 95' lang='lat' dir='ltr'> </span> 
     </span>
    </p>
   </div>
  </div>
 </body>
</html>
