1898 3308
391 167 477 212 616
827 167 1331 214 ARISTOTELIS

389 288 527 347 prima
557 289 804 344 multitudo,
834 291 918 335 suis
947 293 1072 336 bonis
1099 302 1303 337 contenta
1330 292 1379 336 fit
1407 292 1462 335 ad
1491 292 1610 341 benef
1624 292 1776 341 vivens-

393 356 499 401 dum
529 358 572 400 in
603 359 911 403 communitate
929 360 1058 403 civili.
1118 361 1227 404 Fieri
1256 370 1398 403 autem
1419 362 1553 418 potest
1571 361 1771 409 utvotiam

392 439 444 467 ea
474 424 639 478 civitas,
660 441 756 484 quae
787 427 899 470 hanc
927 427 1206 470 multitudine
1225 429 1407 485 superat,
1429 428 1564 486 major
1588 429 1635 472 fit
1665 427 1772 475 eim—

394 501 492 539 tas:
523 494 594 538 sed
613 495 698 538 hoc
716 510 800 538 non
821 496 892 548 est,
913 504 962 538 ut
981 496 1214 548 diximus,
1203 497 1522 540 interminatum
1542 509 1682 554 neque
1700 496 1770 539 in·-

279 553 381 616 267
398 561 596 606 finitum.
634 562 729 620 quis
762 563 875 605 enim
911 563 957 604 fit
995 563 1292 620 exsuperantiae
1331 573 1374 606 et
1408 563 1774 613 immoderationis

395 630 550 681 modus
570 645 619 675 ac
638 631 861 682 terminus,
880 645 934 673 ex
953 631 1154 688 operibus
1174 639 1217 673 et
1235 630 1358 674 factis
1385 631 1528 675 videre
1543 631 1675 679 sanila
1682 632 1772 679 est:

394 697 491 741 sunt
519 699 635 742 enim
666 699 850 741 civitatis
885 698 1087 750 adstiones,
1118 708 1161 742 et
1195 713 1341 742 eorum
1371 699 1446 756 qui
1475 699 1776 756 impemntrsht

394 780 542 810 eorum
564 766 638 824 qui
659 774 809 822 parent
826 766 1024 822 imperio.
1084 766 1189 824 Ejus
1214 781 1339 824 porro
1356 767 1433 822 qui
1453 766 1647 824 imperat,
1664 779 1777 824 opus

394 848 621 879 acmunus
650 835 724 886 est,
746 834 977 890 praeceptio
997 848 1054 877 ac
1076 834 1302 892 judicatio.
1361 835 1432 877 Ad
1455 835 1670 893 judicium
1690 842 1777 880 iffi*-

397 910 486 945 tem
507 902 562 944 de
580 903 708 945 rebus
730 901 850 959 justis
876 901 1136 954 faciendum,
1153 911 1199 945 et
1226 902 1280 945 ad
1308 902 1570 960 magistratus
1589 908 1668 961 pro
1682 912 1779 947 me-

396 969 490 1012 ritis
519 984 569 1013 ac
601 969 811 1027 dignitate
840 968 1166 1022 distribuendos,
1195 969 1310 1012 cives
1339 970 1777 1028 cognoscat-oportet,

397 1037 473 1095 qui
501 1038 612 1080 inter
637 1037 679 1080 se
705 1036 900 1079 differant
919 1046 964 1079 et
982 1037 1130 1095 quales
1149 1037 1252 1080 fint=
1284 1051 1384 1080 nam
1403 1037 1479 1081 ubi
1499 1037 1584 1084 hoc
1599 1037 1777 1086 fimite-

396 1119 494 1147 rum
525 1113 675 1148 natura.
707 1120 792 1147 non
831 1104 1003 1161 patitur,
1034 1120 1133 1162 quae
1166 1104 1220 1148 ad
1251 1105 1518 1164 magistratus
1545 1113 1591 1148 ot
1613 1105 1781 1164 judicia

397 1172 631 1230 pertinent,
675 1172 818 1215 minus
856 1172 970 1215 recte
1007 1171 1346 1217 administrentur
1384 1172 1549 1233 neceffe
1594 1173 1666 1217 esta
1718 1174 1780 1219 In

398 1238 587 1295 utrisque
606 1239 721 1282 enim
742 1238 939 1294 injustum
958 1239 1016 1280 est
1035 1238 1196 1295 aliquid
1216 1253 1342 1296 agere
1359 1239 1629 1297 negligenter
1644 1246 1693 1286 et
1709 1237 1781 1283 in-

399 1306 688 1350 considerate:
721 1305 837 1364 quod
866 1306 910 1349 in
938 1306 1068 1349 nimis
1094 1305 1306 1364 frequenti
1333 1307 1559 1352 hominum
1578 1306 1783 1354 multitu-

400 1375 501 1418 dine
520 1375 738 1433 perspicue
766 1374 884 1417 inest.
943 1375 1148 1417 Praeterea
1167 1389 1265 1417 vero
1288 1374 1519 1432 peregrinis
1541 1384 1586 1420 et
1605 1374 1786 1434 inquilib'

400 1443 467 1486 nis
498 1442 623 1485 facile
658 1443 715 1484 est
747 1442 801 1484 ad
834 1441 1079 1498 reipublicae
1113 1441 1517 1486 administrationem
1547 1441 1783 1501 pervenire.

402 1510 595 1569 Ignorari
615 1509 730 1552 enim
760 1516 805 1551 et
833 1508 992 1561 fallere,
1013 1500 1185 1551 'difficile
1205 1524 1290 1552 non
1309 1510 1367 1552 est
1383 1518 1556 1568 propter
1581 1511 1785 1557 multitu-

401 1578 514 1623 dinis
557 1578 888 1635 exsuperantiam
928 1585 973 1619 et
1014 1576 1355 1622 immensitatem.
1413 1579 1605 1636 Apparet
1646 1578 1785 1638 igitur

401 1648 520 1691 hunc
540 1647 621 1689 effe
641 1646 825 1690 civitatis
846 1646 972 1689 finem
993 1654 1037 1688 et
1056 1645 1286 1689 terminum
1305 1645 1533 1705 optimum,
1548 1648 1784 1693 >maximam

403 1715 694 1759 multitudinis
723 1713 1071 1772 exsuperantiam,
1092 1729 1145 1756 eo
1164 1713 1334 1757 confilio
1359 1715 1566 1769 coa6kam,
1591 1723 1640 1759 ut
1656 1716 1786 1767 rebus

403 1784 459 1829 ad
490 1784 651 1827 vietum
684 1782 938 1841 cultumque
972 1783 1072 1825 vitae
1106 1783 1338 1826 necessariis
1371 1783 1586 1838 instruitis,
1621 1793 1669 1829 et
1700 1785 1787 1832 suis

404 1852 491 1911 ipsa
507 1852 632 1896 bonis
651 1859 852 1894 contenta
880 1851 944 1903 fit,
964 1866 1062 1908 quae
1095 1850 1143 1892 fit
1172 1851 1307 1893 oculis
1333 1851 1530 1905 omnium
1543 1853 1785 1910 proposita:

405 1919 491 1963 hoc
511 1921 582 1972 est,
605 1934 700 1977 quae
721 1917 844 1961 facile
864 1917 1063 1974 conspici,
1086 1927 1131 1960 et
1149 1918 1348 1977 cognosci
1377 1919 1513 1976 poffit.
1571 1921 1642 1968 De
1658 1933 1784 1984 mag,-

407 1988 604 2035 nitudine
623 1987 757 2045 igitur
776 1986 977 2039 civitatis,
998 1986 1081 2029 hoc
1101 1986 1231 2030 modo
1251 1987 1299 2030 fit
1314 1986 1589 2046 explicatum.

969 2196 1129 2240 CAP.
1173 2197 1231 2242 V.

515 2310 581 2352 De
601 2325 698 2368 agro
718 2309 789 2368 qui
808 2309 865 2353 ad
882 2310 1122 2354 condendam
1143 2310 1275 2353 urbem
1280 2309 1343 2366 stt
1362 2309 1687 2368 commodffmus.

467 2388 778 2447 SIMILITER
810 2407 954 2441 autem
989 2407 1035 2440 et
1069 2398 1124 2441 de
1157 2398 1248 2456 agri
1283 2406 1435 2444 natura
1466 2399 1508 2441 se
1542 2413 1608 2441 res
1641 2397 1788 2445 habet.

411 2466 529 2511 Nam
559 2465 677 2523 quod
706 2465 761 2509 ad
791 2465 902 2511 illud
925 2465 1095 2519 attinet,
1114 2466 1251 2523 qualis
1282 2466 1362 2509 effe
1392 2466 1560 2521 debeat,
1587 2465 1791 2510 nimirum

413 2549 563 2579 omnes
592 2549 692 2577 eum
722 2524 1000 2587 laudaverint,
1024 2534 1099 2592 qui
1120 2535 1168 2577 fit
1189 2549 1327 2577 rerum
1358 2534 1554 2579 omnium
1582 2535 1704 2593 eopia
1720 2549 1790 2579 re-

414 2603 547 2650 fertus
567 2612 696 2662 atque
714 2603 950 2656 instructus,
973 2603 1137 2661 suisque
1155 2603 1242 2660 ipse
1264 2603 1388 2646 bonis
1407 2609 1661 2647 contentus.
1692 2602 1792 2647 talis

414 2680 559 2715 autem
586 2673 634 2714 fit
659 2672 819 2716 neceffe
838 2672 911 2725 est,
935 2671 1010 2730 qui
1028 2673 1076 2719 fit
1095 2671 1292 2715 omnium
1311 2686 1452 2717 rerum
1472 2671 1616 2729 ferax·
1648 2671 1791 2714 omni-

414 2740 497 2785 bus
527 2740 643 2783 enim
671 2741 797 2784 rebus
826 2741 1055 2794 abundare,
1075 2749 1120 2784 et
1136 2739 1254 2783 nulla
1278 2754 1422 2798 egere,
1444 2726 1528 2783 hoc
1547 2741 1603 2783 est
1621 2740 1735 2783 suis·
1721 2754 1792 2797 ip-
1828 2757 1832 2759 ’

415 2805 508 2856 snm
526 2807 651 2857 bonis
670 2816 922 2857 contentum
946 2808 1043 2865 effe,
1061 2808 1343 2868 omniumque
1361 2823 1500 2855 rerum
1519 2808 1642 2867 copia
1658 2806 1794 2856 refer·
