1898 3308
0 0 190 171 'r‘

0 175 50 251 ἐξ
282 150 285 153 ’
366 163 462 209 DE
502 163 704 209 CURA
745 165 865 208 REI
907 164 1076 210 FAM.
1115 167 1176 210 11.
1208 179 1250 212 2.
1309 182 1311 185 ·
1423 152 1534 226 ⁶89¹

120 299 223 337 nen
250 284 372 333 suani
402 286 576 333 facienti
611 287 686 331 fibi
717 286 882 331 afferret
910 287 1065 346 aliquis
1093 288 1254 332 donum
1289 289 1401 344 ονὶε,
1431 297 1508 334 aut

114 347 253 422 posti,
272 360 348 402 aut
365 352 506 410 vituli,
523 355 626 416 Juss‘
611 365 649 399 t
675 355 907 418 perscripto
925 356 1102 399 nomine
1130 357 1222 414 ejus
1251 359 1326 415 qui
1355 359 1504 402 donas·
1521 350 1627 404 356

116 411 198 480 set,
215 434 260 471 et
278 426 381 501 die&
386 424 563 471 domum
585 425 760 479 abduci,
779 434 825 468 et
843 424 901 468 ali
919 424 1058 468 donec
1087 434 1381 470 reverteretur.
1438 428 1508 470 Ac

117 494 195 540 ubi
216 495 399 554 tempus
418 494 522 539 satis
550 495 733 554 longum
759 493 900 538 abiifl'e
931 493 1170 546 videbatur,
1191 495 1362 552 repetiit
1392 497 1511 554 quod

116 563 196 608 ille
221 561 400 619 aluerat,
421 564 640 608 subduffis
660 562 824 607 fructus
849 577 1022 621 quoque
1053 561 1305 615 rationibus.
1365 564 1509 607 Arbo-

117 646 215 677 mm
249 624 354 676 item
389 633 671 677 eminentium
706 641 782 676 aut
815 631 1132 690 procidentium
1168 630 1210 674 in
1248 631 1386 688 regias
1420 632 1510 675 vias

117 691 330 745 vendebat
349 700 528 746 fructus.
587 701 787 745 Militum
817 715 1046 759 quoquei
1019 700 1046 742 fi
1076 699 1151 757 qui
1181 697 1364 751 mortem
1386 700 1509 743 obie-

59 797 62 803 ·
117 779 229 826 rant,
250 786 416 830 copiam
438 770 638 815 efferendi
661 779 778 813 extra
797 779 964 828 portam
984 785 1137 828 corpus
1156 769 1329 812 denario
1351 769 1511 813 vende-

117 839 210 885 bat.
266 839 416 898 Atque
445 838 548 882 hinc
579 839 700 882 fimul
731 847 961 897 argentum
986 837 1239 896 accipiebat,
1271 837 1392 881 fimul
1423 853 1511 880 non

91 940 95 945 -
117 901 326 952 fallebant
343 923 444 952 eum
466 907 597 952 duces
617 907 776 951 indicio
796 905 1018 964 temporis»,
1035 922 1122 965 quo
1142 906 1298 965 aliquis
1318 921 1372 949 ex
1391 906 1510 950 mili-

116 970 354 1028 tibus3effet
372 975 584 1020 mortuus.
635 976 793 1034 Lycios
810 975 938 1018 etiam
959 990 1136 1018 cernens
1155 975 1321 1032 capillis
1339 975 1509 1034 gestan-

117 1045 186 1089 dis
207 1043 424 1101 delectari,
445 1044 588 1088 literas
607 1043 688 1088 effe
709 1043 817 1087 dixit
835 1043 986 1086 allatas
1007 1043 1162 1101 regias,
1185 1043 1345 1101 quibus
1367 1043 1512 1102 capilli

117 1104 174 1158 ad
193 1113 333 1163 crines
360 1113 476 1158 mitti
498 1114 772 1172 juberentur.
832 1113 1039 1156 Mandata
1067 1113 1201 1170 igitur
1231 1114 1271 1156 se
1300 1113 1458 1157 habere
1487 1129 1513 1157 a

9 1171 24 1228 ἶ.
119 1174 333 1238 Mausolo,
363 1191 415 1228 ut
443 1182 506 1226 illi
541 1182 835 1229 tonderentur.
896 1184 1044 1240 Atque
1074 1183 1278 1240 promisit,
1303 1183 1326 1225 fi
1350 1193 1509 1227 certam

0 1256 4 1258 ’
117 1248 328 1296 summam
349 1251 392 1294 in
414 1251 553 1310 capita
571 1250 844 1294 contribuere
871 1250 1044 1302 vellent,
1065 1265 1118 1292 ex
1141 1251 1305 1293 Graecia
1334 1251 1512 1308 capillos

119 1312 357 1366 afferendos
376 1320 417 1366 se
435 1321 516 1365 effe
534 1330 796 1365 curaturum.
854 1321 918 1362 At
939 1319 1001 1361 illi
1026 1319 1208 1361 libenter
1238 1320 1513 1376 praebuerunt

119 1391 238 1451 quod
267 1387 522 1450 postulabat,
557 1388 820 1448 colleEtaque
853 1389 909 1432 est
946 1388 1000 1430 de
1037 1380 1196 1446 magna
1234 1387 1513 1433 multitudine

118 1459 313 1520 pecunia!
325 1458 508 1517 eopiosa.
751 1450 754 1453 ’

175 1522 427 1572 Aristoteles
458 1525 652 1570 Rhodius
682 1525 875 1568 Phocaeae
904 1524 1187 1583 principatum
1219 1525 1439 1578 obtinens,
1467 1525 1512 1568 in

117 1593 396 1654 pecuniarum
417 1593 563 1651 inopia
582 1607 758 1636 cernens
783 1592 890 1636 duas
920 1593 999 1635 effe
1031 1593 1334 1636 Phocaensium
1356 1592 1512 1636 factio-

120 1654 214 1717 nes,
232 1663 364 1707 verba
383 1662 457 1707 uni
477 1661 646 1707 illarum
667 1661 839 1704 occulte
859 1661 976 1714 fecit,
1000 1661 1192 1706 indicans
1225 1662 1300 1704 fibi
1327 1661 1427 1704 dare
1447 1661 1513 1703 al-

122 1731 236 1776 teros
256 1729 476 1790 pecunias,
497 1739 545 1774 ut
563 1745 654 1774 rem
674 1729 728 1773 ad
747 1729 857 1791 ipsos
877 1729 1075 1772 inclinet:
1107 1729 1204 1773 Sese
1223 1745 1322 1773 vero
1341 1730 1395 1772 ab
1416 1730 1512 1787 ipfis

119 1798 315 1858 accipere
342 1796 487 1850 malle,
513 1806 560 1840 et
585 1796 988 1840 administrationem
1021 1795 1204 1839 civitatis
1235 1796 1297 1840 eis
1327 1795 1509 1839 tradere.

120 1866 295 1912 Quibus
330 1865 490 1910 auditis
524 1866 661 1908 statim
706 1872 875 1908 tantum
923 1865 988 1907 isti
1036 1865 1230 1922 pecuniae
1278 1865 1507 1917 dederunt,

117 1943 326 1998 quantum
346 1933 535 1994 jufferat.
592 1934 655 1976 At
675 1933 748 1977 hic
776 1932 897 1976 alteri
930 1932 1104 1976 faaioni
1132 1933 1299 1976 rursum
1327 1932 1507 1976 ostendit
1522 1942 1624 1993 357

117 2019 218 2063 que
236 2000 460 2062 aecepifl'et
477 2002 533 2046 ab
553 2001 714 2045 alteris.
772 2001 836 2043 Hi
856 2015 955 2044 vero
983 2000 1195 2044 dederunt
1224 2016 1282 2044 ne
1309 2000 1381 2059 ipfi
1407 2002 1506 2059 qui-

117 2073 220 2117 dem
237 2072 400 2117 minuc.
457 2071 608 2130 Atque
625 2069 687 2113 ita
707 2078 881 2128 accepta
907 2069 1092 2127 pecunia
1110 2070 1164 2113 ab
1186 2069 1388 2128 utrisque,
1408 2085 1510 2128 gra-

117 2139 364 2185 tiam‘inter
379 2141 465 2183 'eos
492 2136 794 2182 reconciliavit.
855 2137 970 2180 Cum
991 2136 1344 2180 animadverteret
1363 2147 1511 2182 autem

116 2210 232 2255 intei-
249 2210 365 2255 cives
383 2208 543 2253 multas
560 2207 642 2252 effe
660 2206 912 2251 controvers
901 2221 977 2260 aa,
1001 2215 1047 2249 et
1074 2221 1253 2265 magnas
1273 2205 1317 2249 in
1338 2205 1392 2250 iis
1411 2222 1509 2264 pro-

117 2289 216 2342 pter
247 2278 412 2323 bellum
449 2276 639 2336 injuriaS,
663 2275 834 2335 judicio
869 2275 1101 2318 constituto
1139 2274 1305 2319 edixit:
1351 2275 1399 2318 Si
1435 2275 1512 2333 qui

118 2349 220 2412 lege
239 2363 325 2393 non
345 2346 524 2406 egiffent
550 2344 662 2387 intra
688 2352 860 2402 tempus
889 2341 1226 2420 praescriptum,
1217 2357 1303 2385 non
1328 2343 1513 2401 amplius

99 2413 175 2462 'de
193 2412 406 2476 prioribus
425 2412 680 2458 criminibus
692 2411 899 2470 judicia'
887 2411 940 2454 iis
967 2411 1114 2454 datum
1146 2411 1214 2454 iri.
1271 2412 1399 2454 Tunc
1427 2412 1512 2454 ita-

47 2533 52 2537 ,
117 2501 206 2546 que
237 2482 521 2556 complurium
553 2481 785 2525 cauffarum
815 2488 946 2538 atque
971 2479 1115 2523 litium
1145 2479 1438 2534 collationem,
1467 2489 1514 2523 et

118 2548 458 2615 provocationes,
492 2549 666 2594 maletis
703 2547 941 2607 propositis,
974 2547 1028 2590 ad
1063 2546 1104 2591 se
1138 2547 1341 2602 referens,
1377 2555 1422 2590 et
1455 2549 1512 2599 ab

118 2621 309 2683 utrisque
325 2636 400 2681 per
418 2619 602 2664 diversos
619 2616 784 2677 aliquid
802 2615 1031 2675 accipienS,
1048 2630 1134 2659 non
1149 2631 1298 2675 parum
1318 2615 1513 2674 pecuniae

121 2691 352 2737 contraxit.

3 2807 6 2812 ,
181 2757 472 2812 Clafl'omenii,
493 2757 537 2802 in
556 2755 731 2815 penuria
755 2769 937 2798 annonae
956 2769 1057 2798 cum
1078 2753 1262 2812 pecunia
1278 2752 1514 2797 deficeren-

0 2815 21 2890 3'3
123 2837 210 2885 tur,
229 2829 382 2875 scitum
400 2827 622 2873 fecerunta
655 2826 722 2869 Ut
741 2824 817 2883 qui
839 2823 986 2868 oleum
1016 2824 1240 2878 haberent,
1260 2821 1513 2867 commoda-

780 2905 865 2951 Υ]
