1898 3308
453 169 538 253 468
633 242 636 254 ι
889 199 1391 250 Ams’ro‘rssms

453 335 507 363 ex
536 335 712 366 numero
741 338 883 368 earum
911 328 1346 372 communicationum
1366 345 1463 387 quae
1481 329 1705 372 civitatum
1723 323 1823 371 suff!

452 391 646 447 propriae.
686 393 909 437 *Similiter
946 411 1047 438 vero
1085 412 1224 455 neque
1258 398 1284 440 fi
1320 399 1397 456 qui
1430 397 1609 441 seorsum
1643 395 1818 456 quidssm

451 457 708 512 habitarent,
731 477 814 504 non
835 471 978 506 tamen
1008 465 1068 507 ita
1095 465 1241 522 longe,
1261 474 1311 508 ut
1330 466 1440 508 inter
1456 466 1498 508 se
1517 480 1600 508 non
1620 463 1817 508 commu·

451 524 657 579 mearent,
677 527 745 570 sed
765 528 791 570 fi
812 529 941 572 essent
960 531 1021 573 eis
1040 531 1177 589 leges,
1207 546 1261 573 ne
1291 531 1401 574 inter
1428 531 1469 574 se
1496 530 1650 589 injuria
1674 529 1817 574 affice—

449 603 544 636 rent
577 595 620 637 in
654 593 792 638 rerum
824 598 1221 655 permutationibus,
1254 607 1298 642 et
1328 597 1815 642 communicationibus:

448 661 566 704 verbi
593 664 745 720 gratia,
779 665 805 706 fi
836 665 944 707 alius
977 666 1149 721 quidem
1183 666 1284 709 effet
1307 666 1449 718 faber,
1479 665 1586 709 alius
1617 664 1818 724 agricola,

449 728 557 772 alius
594 730 724 783 sutor,
763 732 872 775 alius
910 732 1026 775 aliud
1064 733 1281 791 quippiam
1319 733 1418 786 tale,
1459 739 1636 776 numero
1673 732 1817 779 autem

447 797 579 839 effe'nt
597 798 737 841 decies
758 799 905 842 mille:
936 814 1023 842 non
1053 809 1195 842 tamen
1226 801 1454 858 quicquam
1483 799 1601 843 aliud
1637 799 1749 843 inter
1775 799 1818 842 se

446 879 676 909 commune
702 866 908 910 haberent
925 879 1078 924 praeter
1097 869 1450 924 permutationem
1480 877 1525 912 et
1553 867 1656 912 belli
1684 867 1816 910 sociess

444 941 605 975 tatem:
637 949 691 976 ne
723 934 777 977 fic
809 934 984 992 quidem
1016 934 1116 977 effet
1150 950 1234 978 una
1265 931 1428 979 civitas.
1485 935 1576 979 Cur
1607 934 1812 979 tandem?

444 999 546 1043 Non
577 1001 690 1043 enim
719 1011 939 1059 propterea
958 1003 1074 1060 quod
1095 1017 1177 1045 non
1199 1004 1246 1045 fit
1265 1003 1554 1061 propinquitas
1572 1011 1617 1046 et
1633 1002 1814 1061 conjun-

445 1068 532 1111 &io
559 1070 902 1123 communionis:
934 1086 1030 1112 nam
1059 1069 1214 1113 etiamfi
1245 1086 1379 1114 unum
1408 1071 1451 1113 in
1480 1071 1626 1114 locum
1653 1085 1815 1114 conve·-

442 1137 585 1180 nirent
615 1138 674 1180 ita
702 1138 1084 1191 communicantes,
1107 1147 1153 1180 et
1181 1138 1374 1181 adversus
1394 1153 1466 1181 eos
1486 1153 1510 1181 a
1529 1138 1684 1197 quibus
1698 1129 1815 1195 =inju-

441 1205 503 1248 ria
533 1205 840 1259 lacesserentur,
873 1206 1031 1249 auxilio
1061 1206 1167 1248 alter
1197 1206 1378 1248 alterum
1401 1206 1599 1264 juvarent
1627 1214 1813 1257 tantum,

442 1281 647 1330 tanquam
677 1274 779 1315 belli
798 1273 997 1316 societate
1016 1282 1060 1316 et
1080 1273 1236 1316 foedere
1255 1273 1499 1331 conjuncti:
1530 1272 1814 1330 unusquisque

369 1380 373 1386 ,
440 1348 582 1384 tamen
604 1341 733 1384 domo
755 1342 839 1393 sua,
860 1352 1065 1398 tanquam
1097 1342 1284 1392 civitate,
1304 1349 1520 1384 uteretur.
1552 1353 1607 1384 ne
1633 1340 1687 1384 fic
1711 1341 1812 1398 qui-

441 1407 542 1452 dem
562 1409 710 1451 civitas
737 1404 832 1461 effe,
853 1409 1006 1451 acriter
1033 1417 1077 1451 et
1104 1418 1227 1451 acute
1255 1408 1536 1462 intuentibus,
1557 1409 1764 1462 videatur,
1784 1409 1811 1450 fi

440 1476 614 1533 quidem
643 1477 830 1519 similiter
848 1490 934 1518 una
953 1476 1063 1518 inter
1093 1476 1132 1519 se
1161 1475 1526 1519 communicarent
1556 1484 1600 1520 et
1628 1490 1812 1534 congre-

439 1543 642 1586 derentur
669 1543 922 1601 congregati
952 1552 1080 1600 atque
1112 1544 1320 1600 disparati.
1380 1543 1645 1601 Perspicuum
1679 1543 1814 1602 igitur

439 1613 513 1663 est,
535 1611 748 1654 civitatem
769 1625 854 1654 non
884 1611 964 1653 effe
991 1611 1075 1653 loci
1101 1611 1461 1664 communionem,
1489 1623 1627 1670 neque
1656 1619 1705 1654 ut
1733 1611 1812 1654 fint

438 1679 523 1722 tuti
557 1680 609 1721 ab
639 1688 813 1722 externa
842 1686 886 1720 et
918 1687 1068 1721 mutua
1097 1678 1263 1736 injuria,
1283 1693 1422 1736 neque
1450 1686 1501 1721 ut
1527 1674 1583 1721 fit
1603 1679 1713 1726 inter
1736 1694 1810 1722 eos

437 1746 675 1789 officiorum
707 1755 752 1788 ct
781 1760 1002 1805 operarum
1034 1746 1261 1799 mutuatio,
1298 1761 1352 1788 eo
1385 1745 1465 1790 effe
1496 1755 1807 1811 comparatamg

438 1806 512 1856 sed
531 1815 626 1856 haec
658 1813 832 1871 quidem
863 1813 1012 1872 praesto
1042 1813 1120 1856 fint
1147 1813 1308 1856 neceffe
1329 1814 1400 1866 est,
1421 1814 1447 1856 fi
1468 1813 1643 1872 quidem
1662 1814 1810 1858 civitas

436 1882 580 1925 futura
600 1882 685 1924 est.
719 1896 804 1924 non
825 1890 968 1924 tamen
998 1881 1155 1923 etiamfi
1175 1881 1268 1924 haec
1287 1881 1431 1924 omnia
1449 1882 1593 1940 praesto
1612 1883 1734 1936 fint,
1715 1898 1811 1940 jam

437 1951 584 1994 civitas
613 1951 684 1998 est.
723 1944 831 1992 Sed
851 1964 901 1992 ea
919 1949 1093 1992 demum
1117 1949 1306 2000 societas,
1326 1949 1474 1992 civitas
1493 1950 1565 2002 est,
1585 1965 1683 2008 quae
1700 1952 1811 1994 bene

434 2018 622 2071 vivendi,
645 2025 688 2061 et
707 2025 801 2059 tum
822 2016 1023 2059 domibus
1051 2016 1122 2059 seu
1150 2015 1339 2069 familiis,
1360 2025 1454 2059 tum
1479 2018 1708 2074 generibus
1736 2019 1808 2061 seu

435 2086 656 2146 gentibus,
677 2086 775 2127 vitae
802 2083 1002 2141 perfectae
1031 2092 1077 2126 et
1103 2084 1304 2126 omnibus
1333 2078 1459 2128 bonis
1484 2079 1712 2128 cumulatae
1739 2097 1812 2130 at··

435 2170 522 2213 que
549 2154 744 2212 expletae,
764 2152 929 2209 suisque
954 2152 1082 2194 rebus
1111 2166 1185 2208 per
1213 2152 1254 2194 se
1282 2161 1494 2196 contentae
1513 2153 1667 2211 gratia,
1686 2150 1806 2198 com-

432 2232 579 2280 parata
611 2222 683 2264 est.
743 2221 848 2263 Non
880 2219 938 2262 est
969 2227 1112 2261 autem
1148 2218 1234 2262 hoc
1255 2218 1463 2274 futurum,
1494 2221 1566 2264 nifi
1599 2233 1735 2266 unum
1762 2232 1808 2266 et

434 2290 619 2333 eundem
646 2289 789 2331 locum
820 2286 1024 2338 incolant,
1048 2295 1093 2329 et
1111 2286 1338 2330 connubiis
1357 2295 1546 2332 utantur.
1606 2289 1804 2348 Quapro-

433 2367 527 2416 pter
547 2367 590 2401 et
609 2356 832 2400 affinitates
849 2354 892 2396 in
911 2353 1154 2397 civitatibus
1173 2354 1375 2397 institutae
1393 2354 1502 2409 sunt,‘
1518 2364 1563 2398 et
1581 2351 1805 2402 curialium

318 2435 420 2478 103
438 2426 675 2469 sodalitates
706 2433 752 2467 et
778 2422 992 2474 sacrificia,
1022 2431 1067 2464 et
1094 2436 1177 2463 una
1208 2421 1377 2465 vivendi
1408 2423 1732 2469 consuetudines
1760 2436 1807 2470 et

405 2503 407 2505 “
437 2494 762 2552 congreffioneS.
821 2491 921 2532 Hoc
949 2498 1092 2531 autem
1111 2488 1212 2541 tale,
1231 2488 1431 2532 amicitiae
1451 2504 1561 2547 opus
1579 2505 1628 2534 ac
1647 2506 1805 2536 munus

434 2563 507 2605 est.
568 2559 802 2605 Consilium
839 2556 955 2614 enim
991 2571 1074 2598 una
1109 2555 1293 2608 vivendi,
1332 2557 1520 2599 amicitia
1557 2558 1632 2601 est.
1690 2559 1805 2602 Finis

430 2627 567 2688 igitur
597 2626 780 2671 civitatis
811 2620 883 2679 est,
913 2625 1022 2667 bene
1053 2622 1214 2667 vivere:
1247 2623 1339 2667 haec
1371 2633 1512 2667 autem
1545 2625 1640 2668 finis
1665 2628 1805 2684 gratia

433 2698 548 2739 sunt.
608 2695 769 2738 Civitas
795 2706 936 2750 porro,
958 2691 1055 2734 vitae
1083 2705 1290 2748 generum
1321 2700 1366 2734 et
1390 2691 1576 2734 vicorum
1608 2693 1804 2750 perfeciae

431 2772 479 2807 et
501 2764 628 2807 bonis
655 2761 856 2805 omnibus
885 2757 1118 2802 neceffariis
1136 2757 1315 2814 expletoe
1333 2766 1460 2816 atque
1478 2758 1702 2813 instructae,¹
1724 2775 1801 2803 ne-

432 2846 516 2889 que
538 2830 722 2874 ullorum
741 2826 1016 2872 subsidiorum
1043 2833 1312 2877 externorum
1335 2823 1583 2884 indigentis,
1604 2824 1806 2877 commu-³
