1898 3308
25 93 56 143 fr?

454 181 548 255 DE
587 180 1010 228 REPUBLICA'
1048 184 1106 229 V.
1141 196 1206 231 12.
1444 189 1531 241 5¹79

144 301 278 349 Μ
302 301 548 350 diuturnius
567 305 615 348 fit
636 306 795 350 necesse
820 306 892 350 est.
951 308 1157 351 Praeterea
1184 308 1246 351 ita
1277 307 1357 350 effe
1387 322 1531 350 mora-

143 366 504 433 tffl„animoque
533 374 733 418 affectum
762 383 946 433 oportet,
967 386 1018 418 ut
1037 376 1104 419 vel
1126 377 1327 420 virtutem
1349 378 1397 419 fit
1425 391 1529 419 con·

70 436 75 442 ’
143 440 329 495 stemus,
354 441 421 486 vel
450 438 499 486 (it
526 442 704 486 dimidia
723 446 775 486 ex
796 452 915 502 parte
942 442 1006 487 vir
1036 445 1202 488 bonus:
1236 459 1376 503 neque
1397 446 1531 488 homo

145 507 301 579 Q!
318 508 586 578 sed-dimidia
601 526 652 554 ex
673 521 792 571 parte
813 511 968 556 malus.

719 631 930 665 ——-'0·--

683 736 721 779 c
735 736 778 779 A
793 738 839 780 P.
886 726 989 779 ΧΠ.
1655 738 1746 777 x11.

143 844 298 900 Decet,
318 851 378 891 eae'
403 847 582 893 omnibus
613 850 842 909 reipublicae
877 849 1202 908 administranda
1219 849 1371 907 formis
1404 849 1538 892 minus·

165 944 174 953 ι
201 914 416 960 diuturnas
432 920 505 976 ff
524 919 786 977 oligarchiam
805 930 842 964 et
862 920 1126 977 gyrannidem.
1167 918 1326 961 Deinde
1345 918 1468 961 locum
1487 935 1537 961 ex

179 1011 181 1013 ·
206 985 329 1030 'VIIL
349 987 534 1032 Platonis
564 991 613 1032 de
642 991 845 1050 republica
872 991 942 1034 uhi
967 989 1203 1033 mutationes
1235 1004 1370 1031 earum
1404 988 1533 1047 expli-¹

169 1077 177 1082 -
205 1063 363 1109 cantur,
385 1065 497 1100 notat
515 1066 554 1100 et
571 1059 838 1118 reprehendit.

168 1135 412 1192 'ATQUE
440 1164 492 1193 ex
523 1150 722 1194 omnibus
734 1137 1004 1210 r'elpubli'cae
1026 1147 1365 1194 adnuffistrandae
1386 1145 1539 1191 forn13s·

142 1207 289 1260 minus
323 1216 538 1262 diuturnae
570 1218 666 1262 sun't
699 1219 934 1278 oligarchi'a
971 1228 1016 1262 et
1048 1217 1276 1277 tyrannisi
1307 1218 1541 1260 diutiffime'

143 1282 260 1329 enim
281 1286 407 1331 stetit
411 1301 476 1340 ea,
497 1303 594 1346 quae
616 1289 800 1348 Sicyon‘e
826 1288 910 1332 fuit
931 1287 1193 1346 Orthagorae'
1221 1284 1470 1340 liberorum,
1492 1294 1536 1330 et'

144 1349 272 1420 ipsius
293 1355 552 1436 Orthagorae
583 1358 807 1416 tyrannis·
839 1360 974 1401 annos
994 1357 1108 1400 enim
1140 1360 1314 1400 centum
1336 1362 1533 1415 perman-

143 1422 210 1467 fit.
269 1423 411 1495 Cujus
425 1425 484 1479 rei
507 1425 628 1469 causa
653 1427 726 1480 est,
747 1426 864 1485 quod
893 1426 1017 1470 sese'
1006 1441 1049 1468 m
1081 1441 1156 1468 eos
1183 1425 1257 1484 qui
1278 1425 1355 1469 sub
1385 1435 1535 1484 tyran-

142 1489 243 1535 nide
271 1495 408 1546 erant,
429 1478 674 1537 moderatos
705 1494 967 1552 praebebant,
988 1500 1033 1536 et
1060 1508 1263 1551 magnam
1287 1502 1450 1551 partem
1470 1494 1535 1537 le-

142 1556 275 1625 g’ibus
313 1560 562 1607 serviebant.
625 1564 683 1606 Et
722 1572 947 1621 propterea
985 1562 1102 1621 quod
1142 1562 1370 1606 bellicosus
1410 1574 1544 1607 natus*

143 1637 235 1672 erat
255 1620 510 1683 Clisthenes,
532 1645 617 1673 non
635 1638 727 1674 erat
745 1631 1103 1674 contemnendus.
1164 1632 1220 1673 Et
1239 1630 1419 1674 multis*
1406 1647 1451 1674 ιη
1473 1647 1537 1675 re-

143 1697 226 1740 b'us
245 1697 471 1756 populares
490 1708 625 1752 erant,
646 1699 1077 1757 benevolentiamque
1097 1697 1391 1742 multitudinis
1410 1699 1539 1742 (301Ιὶ-Δ

142 1765 305 1823 gebant
339 1765 578 1825 diligentia,
617 1782 747 1826 quam
786 1767 1052 1811 adhibebant
1084 1766 1128 1809 in
1166 1766 1388 1824 republica
1426 1767 1538 1810 bene

141 1833 344 1892 gerenda.
405 1835 579 1878 Dicitur
598 1836 711 1880 enim
735 1836 972 1880 Clisthenes
994 1850 1111 1889 eum,
1133 1835 1206 1893 qui
1229 1835 1452 1879 viGcoriam
1482 1838 1538 1879 ab

142 1902 232 1960 ipso
265 1896 546 1962 abjudicarat,
580 1916 738 1948 corona
775 1905 959 1949 donasse.
1018 1904 1232 1948 Nonnulli
1268 1915 1413 1949 autem
1456 1907 1536 1949 sta·-

142 1981 263 2018 tuam
284 1972 402 2019 illam
420 1973 466 2016 in
486 1973 580 2017 foro
599 1973 829 2028 sedentem,
851 1975 960 2033 ejus,
981 1974 1055 2033 qui
1076 1974 1136 2017 ita
1155 1973 1391 2033 judicavit5
1409 1976 1536 2019 simu—

144 2035 308 2086 lacrum
330 2039 415 2086 effe‘
436 2042 603 2086 dicunt.
664 2043 803 2087 Aiunt
836 2053 961 2101 porro
989 2042 1119 2087 etiam
1149 2043 1415 2097 Pisistratum,
1437 2059 1538 2087 cum

142 2102 198 2154 ad
232 2110 498 2170 Ariopagum
534 2111 579 2154 in
605 2111 682 2170 jus
714 2122 890 2155 vocatus
924 2106 1039 2166 effet,
1066 2111 1282 2170 judicium
1319 2113 1534 2171 accepisse.

143 2176 342 2242 Proxime
371 2182 574 2241 diuturna
605 2183 688 2226 fuit
723 2183 1047 2242 Cypselidarum
1080 2183 1272 2242 tyrannis
1307 2183 1533 2227 Corinthi:

144 2251 239 2295 h'aec
268 2242 384 2295 enim
416 2252 538 2296 firma
564 2253 788 2310 permansit
812 2259 947 2296 annos
974 2253 1243 2311 septuaginta
1272 2263 1374 2305 tres,
1395 2248 1538 2296 et‘sex
1595 2275 1597 2277 v

144 2321 325 2364 menses.
385 2314 503 2365 Nam
526 2322 731 2381 Cypselus
751 2337 884 2365 annos
904 2322 1082 2381 triginta
1107 2322 1330 2380 regnavit:
1364 2323 1535 2366 Perian-

141 2389 234 2445 der,
267 2394 458 2448 quatuor'
481 2399 526 2433 et
556 2390 852 2449 quadraginta.
914 2390 1249 2434 Psammetichus
1283 2391 1456 2434 Gordiae
1485 2392 1538 2434 fi-

143 2459 229 2503 lius
263 2473 397 2502 annos
432 2467 534 2502 tres.
593 2459 742 2502 Causae
774 2467 919 2502 autem
952 2458 1081 2517 hujus
1115 2473 1289 2516 quoque
1322 2459 1418 2502 sunt
1453 2475 1538 2503 eae-

143 2519 260 2571 dem.
319 2528 437 2570 Nam
458 2526 669 2585 Cypselus
688 2527 864 2585 quidem
885 2527 1039 2570 (1υᾶοῑ
1058 2527 1207 2584 populi
1228 2526 1410 2570 blandus
1430 2537 1537 2582 erat,

143 2604 188 2639 et
206 2603 302 2640 toto
322 2595 503 2654 imperio
520 2596 595 2638 suo
616 2596 759 2639 nullos
780 2595 975 2639 custodes
1004 2595 1196 2653 corporis
1215 2595 1419 2639 adhibere
1439 2611 1537 2654 per·
1665 2649 1667 2651 ,

144 2664 371 2708 severavit:
408 2663 630 2708 Periander
660 2680 759 2707 vero
780 2664 862 2707 fuit
882 2663 955 2706 ille
973 2663 1149 2723 quidem
1181 2664 1445 2722 tyrannicus,
1467 2665 1536 2708 sed
1553 2659 1660 2712 226

144 2741 290 2776 tamen
339 2733 544 2776 militaris·
583 2743 628 2776 et
676 2731 919 2776 bellicosus.
992 2732 1143 2775 Tertia
1193 2730 1538 2789 Pifistratidarum

143 2800 352 2844 Athenis:
381 2800 451 2844 sed
472 2815 559 2844 non
578 2799 662 2844 fuit
683 2800 904 2844 continua.
962 2798 1036 2842 Bis
1055 2800 1175 2842 enim*
1202 2798 1408 2843 exsulavit
1441 2801 1538 2843 Pifl-

144 2867 312 2923 stratus,
336 2884 436 2913 cum
458 2869 732 2928 tyrannidem
764 2868 995 2913 obtineret.
1056 2869 1205 2926 Itaque
1237 2883 1287 2911 ex
1322 2868 1442 2929 annis
1463 2869 1541 2912 t‘ri-

787 2951 812 2980 1>
832 2951 863 2995 p
885 2949 908 2982 2
