1898 3308
470 199 564 244 DE
603 196 1034 243 REPUBLICA
1077 197 1180 243 VII.
1210 211 1256 253 4.
1461 199 1543 258 613

151 319 639 371 hta-msamltoetem
658 321 704 366 in
720 335 776 365 en
794 321 940 375 ineffe,
960 335 1014 365 ex
1033 335 1120 379 qua
1139 328 1263 380 aptus
1290 319 1464 366 futurus
1487 319 1566 365 est'

147 389 472 450 dwgendum.
529 391 595 434 At
622 390 650 433 fi
679 389 776 433 haen
805 389 1011 447 praeclare
1039 388 1258 442 dicuntur,
1278 397 1323 431 et
1351 390 1380 431 fi
1409 389 1548 433 beati-

50 481 54 484 ·
146 455 257 505 ndu
275 458 523 504 born-affin
540 458 758 502 statuenda
776 458 834 501 est
851 474 864 500 ι
896 471 1003 516 ergo
1019 464 1067 500 et
1083 456 1373 499 communiter
1399 457 1543 501 omnis

147 524 336 576 ἀπίω
353 537 401 571 et
420 527 666 587 fingillatim
693 527 899 586 cujusque
924 524 1118 569 hominis
1137 538 1189 568 ea
1207 523 1295 567 vita
1313 524 1445 567 fuerit
1461 540 1542 583 op-

146 592 270 648 time,
287 608 388 653 qne
406 595 457 640 fit
473 595 530 640 ad
547 595 768 655 agendum
797 603 910 653 apta.
970 593 1058 638 Sed
1087 592 1310 636 hominem
1329 592 1384 635 ad
1403 592 1542 636 affin-

146 678 250 709 nun
277 674 445 724 aptum,
466 682 555 711 non
575 668 634 711 est
648 666 819 711 ¹neeeffe
837 665 893 710 ad
912 664 1020 709 alios
1048 664 1253 723 spfflare,
1272 662 1543 721 aliorumque

144 733 352 779 arbitratu
380 750 432 780 ac
458 744 572 781 nutu
600 735 761 791 vivere,
786 742 838 779 ut
866 734 1046 794 quidam
1077 741 1233 792 putant
1249 750 1262 776 ε
1293 746 1433 790 neque
1462 733 1541 776 has

143 801 555 863 solasongitationes
571 803 653 848 effe
671 803 727 848 ad
746 803 964 863 agendum
985 810 1104 861 aptas
1122 819 1133 845 ε
1165 816 1264 860 quae
1284 809 1542 865 eventorum

24 889 43 921 ,·
142 871 284 930 gratia
302 872 587 933 sdcipinntur
605 887 661 916 ex
679 872 852 933 agendo
871 873 1091 916 nascentes
1106 887 1117 915 τ
1148 871 1222 929 sed
1239 870 1380 914 multo
1397 870 1542 929 magis

98 942 109 945 ‘⁴
143 954 218 986 aas
250 956 351 1002 ηοω
372 943 476 987 funt
504 958 582 1003 per
610 944 653 988 se
683 943 898 1002 perfee'cae,
916 951 962 988 et
990 943 1064 986 sua
1090 941 1275 1001 ipsarum
1303 941 1430 985 causa
1450 940 1541 985 sus-

10 1007 27 1038 ³
142 1010 283 1070 σφώ
301 1012 708 1072 contemplationes,
727 1020 773 1056 et
790 1011 949 1056 mentis
967 1010 1240 1070 agitationes.
1289 1009 1405 1053 Nam
1424 1009 1543 1054 bona

142 1078 389 1135 astioss‘inis
409 1082 497 1126 ests
526 1095 634 1140 ergo
656 1089 708 1125 et
735 1081 850 1125 aE'tio
867 1080 1026 1138 aliqua.
1085 1079 1282 1124 Maxime
1299 1087 1446 1122 autem
1463 1093 1539 1123 eos
1551 1071 1658 1128 264

140 1147 331 1193 dicimus
347 1163 494 1209 agere,
523 1158 570 1194 et
597 1157 866 1194 externarum
887 1148 1109 1192 affionum
1129 1147 1331 1191 dominos
1349 1155 1395 1191 et
1414 1161 1538 1191 com-

141 1224 265 1274 potes
280 1217 378 1272 effe,
394 1218 472 1277 qui
491 1226 638 1262 mente
657 1227 704 1262 et
721 1217 987 1276 cogitatione
1004 1216 1230 1275 opificibus
1249 1214 1370 1273 quod
1388 1223 1540 1274 agant,

141 1285 400 1345 pvaenipiunt
418 1295 548 1346 atque
567 1286 862 1345 praescribunt.
920 1287 1018 1330 Jam
1050 1299 1152 1328 vero
1180 1298 1320 1341 neque
1339 1297 1412 1326 eas
1432 1283 1541 1327 civi-

143 1355 376 1399 tateswotio
403 1364 450 1399 et
477 1354 703 1400 ceffatione
733 1362 901 1413 torpere
930 1352 1093 1397 neceffe
1118 1352 1192 1406 est,
1209 1367 1313 1410 quae
1340 1366 1417 1410 per
1436 1351 1479 1395 se
1497 1359 1544 1395 et

140 1423 365 1483 separatim
385 1426 441 1470 ab
459 1425 558 1470 aliis
578 1426 665 1469 fitae
684 1425 799 1479 sunt,
821 1438 1010 1484 quaeque
1038 1424 1101 1467 ita
1128 1422 1299 1468 vivendi
1318 1421 1543 1466 confilium

138 1491 361 1550 oeperunt.
414 1492 533 1538 'Fieri
561 1493 679 1537 enim
706 1494 839 1552 potest
859 1501 908 1535 ut
927 1493 990 1536 eis
1014 1492 1145 1535 etiam
1166 1490 1348 1535 affionis
1367 1491 1465 1535 usus
1495 1491 1542 1534 in

0 1555 7 1577 ’ἦ
60 1581 78 1599 -·
139 1561 335 1618 partibus
353 1562 539 1607 eveniat.
597 1563 716 1605 Nam
745 1560 896 1604 multae
926 1558 1345 1604 communicationes
1363 1558 1479 1603 inter
1498 1559 1542 1603 se

139 1629 334 1688 panibus
356 1630 549 1674 civitatis
576 1629 864 1674 intercedunt.
924 1629 1072 1685 Atque
1098 1627 1248 1671 hocin
1270 1626 1423 1686 quovis
1451 1627 1538 1671 ho-

140 1697 262 1742 mine
293 1698 487 1742 {imiliter
519 1698 653 1742 inest:
685 1712 787 1741 nam
817 1697 893 1740 nifi
928 1697 990 1740 ita
1022 1695 1139 1750 effet,
1173 1710 1325 1754 parum
1354 1695 1537 1754 pulchre

138 1765 240 1810 effet
263 1767 368 1811 :Deo
398 1776 445 1811 et
472 1767 557 1811 toti
575 1766 757 1820 mundo,
778 1765 936 1824 quibus
957 1779 1044 1808 nnn
1063 1764 1161 1808 sunt
1182 1771 1370 1808 externae
1398 1764 1536 1808 affin-

137 1849 231 1891 nos,
247 1851 392 1896 neque
411 1838 513 1882 ulloe
532 1837 644 1893 aliae,
664 1845 951 1896 praeterquam
979 1848 1128 1879 eorum
1157 1834 1357 1894 propriae.
1417 1835 1534 1878 Ean-

135 1904 238 1949 dem
270 1905 407 1966 igitur
437 1906 570 1950 vitam
603 1906 815 1966 optimam
849 1904 932 1949 effe
964 1912 1179 1964 oportere,
1208 1911 1255 1947 et
1287 1901 1534 1962 singillatim

136 1972 373 2033 unicuique
394 1974 587 2029 homini,
607 1983 652 2018 et
679 1972 967 2018 communiter
991 1972 1318 2032 generatimque
1346 1970 1532 2018 civitati-

137 2041 373 2104 bus-atque
389 2043 594 2088 omnibus
612 2043 879 2097 hominibus,
900 2041 1170 2101 perspicuum
1189 2040 1264 2088 est.

688 2159 979 2186 ...Φ-..-

689 2253 730 2297 C
744 2253 786 2297 A
802 2254 850 2298 P.
895 2253 978 2297 IV.

285 2369 355 2413 De
373 2368 653 2428 magnitudine
671 2368 869 2423 civitatis,
890 2376 928 2413 et
947 2366 1095 2412 civium
1115 2364 1387 2410 multitudine.

194 2458 500 2505 QUONIAM
519 2469 664 2504 autem
686 2475 738 2504 ea
755 2475 853 2520 quae
881 2475 998 2504 nunc
1022 2458 1312 2518 exposuimus,
1333 2457 1535 2516 prooemii

133 2528 234 2574 ioco
261 2529 390 2574 deviis
409 2529 526 2574 dieta
552 2529 666 2584 sunt,
687 2530 979 2589 quoniamque
997 2529 1053 2573 de
1071 2527 1167 2572 aliis
1184 2527 1434 2587 reipublicae
1452 2526 1533 2571 ad-

134 2598 420 2644 ministrandae
440 2598 590 2643 formis
609 2599 731 2658 supra
750 2614 776 2642 a
793 2598 921 2643 nobis
949 2598 1213 2656 disputatum
1231 2604 1278 2641 et
1297 2595 1532 2640 confidem-

133 2674 232 2712 tum
260 2668 335 2723 est,
355 2667 530 2712 initium
562 2667 618 2712 de
648 2667 826 2727 reliquis
854 2668 985 2711 rebus
1016 2666 1190 2711 dicendi
1220 2665 1324 2709 hinc
1356 2664 1531 2722 capien-

134 2735 257 2791 dum,
276 2744 328 2781 ut
347 2752 612 2797 exponamus
631 2737 821 2796 primum
848 2736 993 2796 qualia
1018 2736 1132 2795 quafi
1149 2735 1434 2779 fundamenta
1452 2733 1531 2777 de-

134 2804 269 2850 beant
288 2805 378 2850 effe
408 2806 501 2866 ejus
530 2821 631 2866 quse
661 2820 717 2850 ex
746 2805 882 2850 animi
911 2804 1040 2849 nostri
1066 2804 1275 2849 sententia
1293 2803 1534 2848 constatura

135 2872 203 2929 fit,
216 2873 422 2922 civitatis.
479 2875 584 2921 Non
612 2874 730 2921 enim
749 2874 840 2918 fieri
857 2874 994 2934 potest
1013 2880 1065 2920 ut
1083 2873 1249 2934 optima
1265 2872 1427 2919 exsistat
1445 2871 1530 2918 rei-

767 2958 798 2991 n
816 2959 838 2989 r
854 2956 883 3003 3

1680 2268 1751 2309 lv.
