<?xml version="1.0" encoding="UTF-8"?>
<!DOCTYPE html PUBLIC "-//W3C//DTD XHTML 1.0 Transitional//EN"
    "http://www.w3.org/TR/xhtml1/DTD/xhtml1-transitional.dtd">
<html xmlns="http://www.w3.org/1999/xhtml" xml:lang="en" lang="en">
 <head>
  <title>
</title>
<meta http-equiv="Content-Type" content="text/html;charset=utf-8" />
  <meta name='ocr-system' content='tesseract 3.04.00' />
  <meta name='ocr-capabilities' content='ocr_page ocr_carea ocr_par ocr_line ocrx_word'/>
</head>
<body>
  <div class='ocr_page' id='page_1' title='image "./politicagreeklat02arisuoft_0259.png"; bbox 0 0 1898 3308; ppageno 0'>
   <div class='ocr_carea' id='block_1_1' title="bbox 420 198 1500 258">
    <p class='ocr_par' dir='ltr' id='par_1_1' title="bbox 420 198 1500 258">
     <span class='ocr_line' id='line_1_1' title="bbox 420 198 1500 258; baseline -0.001 -13"><span class='ocrx_word' id='word_1_1' title='bbox 420 199 514 245; x_wconf 88' lang='lat' dir='ltr'>DE</span> <span class='ocrx_word' id='word_1_2' title='bbox 557 198 1500 258; x_wconf 76' lang='lat' dir='ltr'>REPUBLICA·111.11.483</span> 
     </span>
    </p>
   </div>
   <div class='ocr_carea' id='block_1_2' title="bbox 0 0 182 290">
    <p class='ocr_par' dir='ltr' id='par_1_2' title="bbox 0 0 182 290">
     <span class='ocr_line' id='line_1_2' title="bbox 0 0 182 290; baseline 0 3018"><span class='ocrx_word' id='word_1_3' title='bbox 0 0 182 290; x_wconf 95' lang='lat' dir='ltr'> </span> 
     </span>
    </p>
   </div>
   <div class='ocr_carea' id='block_1_3' title="bbox 0 311 1716 2891">
    <p class='ocr_par' dir='ltr' id='par_1_3' title="bbox 134 311 1506 384">
     <span class='ocr_line' id='line_1_3' title="bbox 134 311 1506 384; baseline 0.001 -18"><span class='ocrx_word' id='word_1_4' title='bbox 134 311 396 380; x_wconf 52' lang='grc' dir='ltr'>ωσι-ὤας</span> <span class='ocrx_word' id='word_1_5' title='bbox 423 315 603 367; x_wconf 80' lang='lat' dir='ltr'>heroicis</span> <span class='ocrx_word' id='word_1_6' title='bbox 630 325 878 379; x_wconf 87' lang='lat' dir='ltr'>floruerunt,</span> <span class='ocrx_word' id='word_1_7' title='bbox 898 321 1055 384; x_wconf 68' lang='lat' dir='ltr'>¹quibua</span> <span class='ocrx_word' id='word_1_8' title='bbox 1085 324 1229 383; x_wconf 83' lang='lat' dir='ltr'>populi</span> <span class='ocrx_word' id='word_1_9' title='bbox 1259 324 1405 382; x_wconf 87' lang='lat' dir='ltr'>spo&#39;nte</span> <span class='ocrx_word' id='word_1_10' title='bbox 1433 323 1506 367; x_wconf 82' lang='lat' dir='ltr'>sua</span> 
     </span>
    </p>

    <p class='ocr_par' dir='ltr' id='par_1_4' title="bbox 132 386 1502 450">
     <span class='ocr_line' id='line_1_4' title="bbox 132 386 1502 450; baseline -0.001 -16"><span class='ocrx_word' id='word_1_11' title='bbox 132 386 349 449; x_wconf 48' lang='lat' dir='ltr'>flebant,</span> <span class='ocrx_word' id='word_1_12' title='bbox 385 406 566 450; x_wconf 84' lang='lat' dir='ltr'>quaeque</span> <span class='ocrx_word' id='word_1_13' title='bbox 599 402 720 436; x_wconf 88' lang='lat' dir='ltr'>erant</span> <span class='ocrx_word' id='word_1_14' title='bbox 750 394 888 445; x_wconf 69' lang='lat' dir='ltr'>avitae,</span> <span class='ocrx_word' id='word_1_15' title='bbox 922 402 966 436; x_wconf 88' lang='lat' dir='ltr'>et</span> <span class='ocrx_word' id='word_1_16' title='bbox 1001 393 1163 450; x_wconf 83' lang='lat' dir='ltr'>patriae,</span> <span class='ocrx_word' id='word_1_17' title='bbox 1200 400 1244 434; x_wconf 91' lang='lat' dir='ltr'>et</span> <span class='ocrx_word' id='word_1_18' title='bbox 1278 392 1502 450; x_wconf 86' lang='lat' dir='ltr'>legitimae.</span> 
     </span>
    </p>

    <p class='ocr_par' dir='ltr' id='par_1_5' title="bbox 0 456 1716 2293">
     <span class='ocr_line' id='line_1_5' title="bbox 133 456 1503 519; baseline -0.001 -16"><span class='ocrx_word' id='word_1_19' title='bbox 133 456 380 504; x_wconf 66' lang='lat' dir='ltr'>Quiaenim</span> <span class='ocrx_word' id='word_1_20' title='bbox 401 461 525 519; x_wconf 88' lang='lat' dir='ltr'>primi</span> <span class='ocrx_word' id='word_1_21' title='bbox 554 462 606 505; x_wconf 91' lang='lat' dir='ltr'>de</span> <span class='ocrx_word' id='word_1_22' title='bbox 638 462 916 505; x_wconf 87' lang='lat' dir='ltr'>multitudine</span> <span class='ocrx_word' id='word_1_23' title='bbox 934 463 1043 505; x_wconf 89' lang='lat' dir='ltr'>bene</span> <span class='ocrx_word' id='word_1_24' title='bbox 1073 460 1209 504; x_wconf 88' lang='lat' dir='ltr'>meriti</span> <span class='ocrx_word' id='word_1_25' title='bbox 1229 459 1413 512; x_wconf 83' lang='lat' dir='ltr'>suiss&#39;ent,</span> <span class='ocrx_word' id='word_1_26' title='bbox 1435 459 1503 502; x_wconf 91' lang='lat' dir='ltr'>vel</span> 
     </span>
     <span class='ocr_line' id='line_1_6' title="bbox 21 525 1502 588; baseline -0.003 -14"><span class='ocrx_word' id='word_1_27' title='bbox 21 572 28 579; x_wconf 82' lang='grc'><strong>,</strong></span> <span class='ocrx_word' id='word_1_28' title='bbox 59 567 63 570; x_wconf 96' lang='grc'>.</span> <span class='ocrx_word' id='word_1_29' title='bbox 129 525 344 574; x_wconf 57' lang='lat' dir='ltr'>medendis</span> <span class='ocrx_word' id='word_1_30' title='bbox 375 530 535 573; x_wconf 89' lang='lat' dir='ltr'>artibus</span> <span class='ocrx_word' id='word_1_31' title='bbox 570 530 637 575; x_wconf 88' lang='lat' dir='ltr'>vel</span> <span class='ocrx_word' id='word_1_32' title='bbox 667 531 792 573; x_wconf 84' lang='lat' dir='ltr'>bellis</span> <span class='ocrx_word' id='word_1_33' title='bbox 825 530 1039 588; x_wconf 81' lang='lat' dir='ltr'>gerendis,</span> <span class='ocrx_word' id='word_1_34' title='bbox 1067 538 1140 572; x_wconf 88' lang='lat' dir='ltr'>aut</span> <span class='ocrx_word' id='word_1_35' title='bbox 1170 528 1271 586; x_wconf 88' lang='lat' dir='ltr'>quia</span> <span class='ocrx_word' id='word_1_36' title='bbox 1298 527 1502 583; x_wconf 76' lang='lat' dir='ltr'>dispersos</span> 
     </span>
     <span class='ocr_line' id='line_1_7' title="bbox 129 595 1501 656; baseline -0.003 -15"><span class='ocrx_word' id='word_1_37' title='bbox 129 596 465 656; x_wconf 76' lang='lat' dir='ltr'>congregaffent,</span> <span class='ocrx_word' id='word_1_38' title='bbox 503 608 578 642; x_wconf 88' lang='lat' dir='ltr'>aut</span> <span class='ocrx_word' id='word_1_39' title='bbox 615 598 718 656; x_wconf 88' lang='lat' dir='ltr'>quia</span> <span class='ocrx_word' id='word_1_40' title='bbox 753 598 886 641; x_wconf 89' lang='lat' dir='ltr'>solum</span> <span class='ocrx_word' id='word_1_41' title='bbox 930 612 1167 656; x_wconf 82' lang='lat' dir='ltr'>agrumque</span> <span class='ocrx_word' id='word_1_42' title='bbox 1215 595 1501 654; x_wconf 83' lang='lat' dir='ltr'>praebuiffent,</span> 
     </span>
     <span class='ocr_line' id='line_1_8' title="bbox 127 661 1502 726; baseline -0.002 -20"><span class='ocrx_word' id='word_1_43' title='bbox 127 666 252 726; x_wconf 69' lang='lat' dir='ltr'>reges</span> <span class='ocrx_word' id='word_1_44' title='bbox 283 678 310 706; x_wconf 90' lang='lat' dir='ltr'>a</span> <span class='ocrx_word' id='word_1_45' title='bbox 342 664 590 708; x_wconf 89' lang='lat' dir='ltr'>voluntariis</span> <span class='ocrx_word' id='word_1_46' title='bbox 621 666 885 718; x_wconf 79' lang='lat' dir='ltr'><strong>creabantur,</strong></span> <span class='ocrx_word' id='word_1_47' title='bbox 917 678 1200 723; x_wconf 84' lang='lat' dir='ltr'>regnumque,</span> <span class='ocrx_word' id='word_1_48' title='bbox 1234 661 1350 720; x_wconf 92' lang='lat' dir='ltr'>quod</span> <span class='ocrx_word' id='word_1_49' title='bbox 1384 661 1502 704; x_wconf 86' lang='lat' dir='ltr'>obti-</span> 
     </span>
     <span class='ocr_line' id='line_1_9' title="bbox 128 731 1501 791; baseline -0.001 -18"><span class='ocrx_word' id='word_1_50' title='bbox 128 739 323 786; x_wconf 62' lang='lat' dir='ltr'>nuaram,</span> <span class='ocrx_word' id='word_1_51' title='bbox 357 731 440 775; x_wconf 74' lang='lat' dir='ltr'>suis</span> <span class='ocrx_word' id='word_1_52' title='bbox 471 732 616 776; x_wconf 86' lang='lat' dir='ltr'>liberis</span> <span class='ocrx_word' id='word_1_53' title='bbox 649 748 698 776; x_wconf 88' lang='lat' dir='ltr'>ac</span> <span class='ocrx_word' id='word_1_54' title='bbox 731 733 900 791; x_wconf 79' lang='lat' dir='ltr'>posteris</span> <span class='ocrx_word' id='word_1_55' title='bbox 932 733 1169 776; x_wconf 83' lang='lat' dir='ltr'><strong>tradebant.</strong></span> <span class='ocrx_word' id='word_1_56' title='bbox 1229 732 1328 772; x_wconf 85' lang='lat' dir='ltr'>Erat</span> <span class='ocrx_word' id='word_1_57' title='bbox 1356 738 1501 772; x_wconf 88' lang='lat' dir='ltr'>autem</span> 
     </span>
     <span class='ocr_line' id='line_1_10' title="bbox 128 798 1504 860; baseline -0.001 -18"><span class='ocrx_word' id='word_1_58' title='bbox 128 811 258 856; x_wconf 81' lang='lat' dir='ltr'>penes</span> <span class='ocrx_word' id='word_1_59' title='bbox 280 814 354 843; x_wconf 75' lang='lat' dir='ltr'>eos</span> <span class='ocrx_word' id='word_1_60' title='bbox 381 809 427 844; x_wconf 90' lang='lat' dir='ltr'>et</span> <span class='ocrx_word' id='word_1_61' title='bbox 454 801 620 860; x_wconf 88' lang='lat' dir='ltr'>imperii</span> <span class='ocrx_word' id='word_1_62' title='bbox 639 800 803 855; x_wconf 86' lang='lat' dir='ltr'>bellici,</span> <span class='ocrx_word' id='word_1_63' title='bbox 836 811 890 844; x_wconf 90' lang='lat' dir='ltr'>et</span> <span class='ocrx_word' id='word_1_64' title='bbox 910 801 1223 853; x_wconf 85' lang='lat' dir='ltr'>sacrificiorum,</span> <span class='ocrx_word' id='word_1_65' title='bbox 1244 811 1341 857; x_wconf 89' lang='lat' dir='ltr'>quae</span> <span class='ocrx_word' id='word_1_66' title='bbox 1372 798 1504 841; x_wconf 87' lang='lat' dir='ltr'>modo</span> 
     </span>
     <span class='ocr_line' id='line_1_11' title="bbox 129 865 1503 939; baseline -0.001 -29"><span class='ocrx_word' id='word_1_67' title='bbox 129 865 462 939; x_wconf 69' lang='lat' dir='ltr'>adsacerdotum</span> <span class='ocrx_word' id='word_1_68' title='bbox 495 879 632 927; x_wconf 81' lang='lat' dir='ltr'>partes</span> <span class='ocrx_word' id='word_1_69' title='bbox 664 885 750 913; x_wconf 89' lang='lat' dir='ltr'>non</span> <span class='ocrx_word' id='word_1_70' title='bbox 783 869 1067 928; x_wconf 84' lang='lat' dir='ltr'>pertinebant,</span> <span class='ocrx_word' id='word_1_71' title='bbox 1095 867 1314 912; x_wconf 85' lang='lat' dir='ltr'>arbitrium</span> <span class='ocrx_word' id='word_1_72' title='bbox 1345 881 1394 910; x_wconf 89' lang='lat' dir='ltr'>ac</span> <span class='ocrx_word' id='word_1_73' title='bbox 1423 881 1503 924; x_wconf 92' lang='grc' dir='ltr'>ρο</span> 
     </span>
     <span class='ocr_line' id='line_1_12' title="bbox 127 934 1504 995; baseline 0 -17"><span class='ocrx_word' id='word_1_74' title='bbox 127 934 278 978; x_wconf 67' lang='lat' dir='ltr'>tostas·</span> <span class='ocrx_word' id='word_1_75' title='bbox 322 944 417 980; x_wconf 88' lang='lat' dir='ltr'>tum</span> <span class='ocrx_word' id='word_1_76' title='bbox 455 942 658 995; x_wconf 80' lang='lat' dir='ltr'>praeterea</span> <span class='ocrx_word' id='word_1_77' title='bbox 693 934 990 982; x_wconf 74' lang='lat' dir='ltr'>controversias</span> <span class='ocrx_word' id='word_1_78' title='bbox 1025 937 1331 995; x_wconf 81' lang='lat' dir='ltr'>disceptabant.</span> <span class='ocrx_word' id='word_1_79' title='bbox 1403 937 1504 979; x_wconf 84' lang='lat' dir='ltr'>Hoc</span> 
     </span>
     <span class='ocr_line' id='line_1_13' title="bbox 126 994 1503 1064; baseline -0.001 -18"><span class='ocrx_word' id='word_1_80' title='bbox 126 994 273 1046; x_wconf 57' lang='lat' dir='ltr'>autem</span> <span class='ocrx_word' id='word_1_81' title='bbox 305 1003 520 1049; x_wconf 78' lang='lat' dir='ltr'>faciebant</span> <span class='ocrx_word' id='word_1_82' title='bbox 553 1006 622 1049; x_wconf 86' lang='lat' dir='ltr'>alii</span> <span class='ocrx_word' id='word_1_83' title='bbox 649 1006 797 1064; x_wconf 85' lang='lat' dir='ltr'>jurati,</span> <span class='ocrx_word' id='word_1_84' title='bbox 838 1007 907 1049; x_wconf 89' lang='lat' dir='ltr'>alii</span> <span class='ocrx_word' id='word_1_85' title='bbox 947 1006 1136 1064; x_wconf 87' lang='lat' dir='ltr'>injurati.</span> <span class='ocrx_word' id='word_1_86' title='bbox 1195 1003 1503 1062; x_wconf 85' lang='lat' dir='ltr'>Jusjurandum</span> 
     </span>
     <span class='ocr_line' id='line_1_14' title="bbox 126 1071 1503 1133; baseline -0.001 -19"><span class='ocrx_word' id='word_1_87' title='bbox 126 1071 253 1128; x_wconf 69' lang='lat' dir='ltr'>porro</span> <span class='ocrx_word' id='word_1_88' title='bbox 271 1075 362 1115; x_wconf 79' lang='lat' dir='ltr'>erat</span> <span class='ocrx_word' id='word_1_89' title='bbox 374 1073 524 1132; x_wconf 79' lang='lat' dir='ltr'>sceptri</span> <span class='ocrx_word' id='word_1_90' title='bbox 544 1074 741 1118; x_wconf 89' lang='lat' dir='ltr'>sublatio.</span> <span class='ocrx_word' id='word_1_91' title='bbox 803 1076 941 1133; x_wconf 84' lang='lat' dir='ltr'>Reges</span> <span class='ocrx_word' id='word_1_92' title='bbox 961 1074 1108 1132; x_wconf 87' lang='lat' dir='ltr'>igitur,</span> <span class='ocrx_word' id='word_1_93' title='bbox 1130 1072 1204 1131; x_wconf 88' lang='lat' dir='ltr'>qui</span> <span class='ocrx_word' id='word_1_94' title='bbox 1225 1071 1370 1129; x_wconf 70' lang='lat' dir='ltr'>priscis</span> <span class='ocrx_word' id='word_1_95' title='bbox 1390 1080 1503 1114; x_wconf 89' lang='lat' dir='ltr'>tem-</span> 
     </span>
     <span class='ocr_line' id='line_1_15' title="bbox 126 1137 1504 1199; baseline -0.001 -17"><span class='ocrx_word' id='word_1_96' title='bbox 126 1137 301 1196; x_wconf 82' lang='lat' dir='ltr'>poribus</span> <span class='ocrx_word' id='word_1_97' title='bbox 331 1139 520 1195; x_wconf 88' lang='lat' dir='ltr'>fuerunt,</span> <span class='ocrx_word' id='word_1_98' title='bbox 538 1151 582 1184; x_wconf 89' lang='lat' dir='ltr'>et</span> <span class='ocrx_word' id='word_1_99' title='bbox 613 1157 679 1186; x_wconf 87' lang='lat' dir='ltr'>res</span> <span class='ocrx_word' id='word_1_100' title='bbox 711 1142 907 1196; x_wconf 78' lang='lat' dir='ltr'>urbanaS,</span> <span class='ocrx_word' id='word_1_101' title='bbox 928 1151 972 1185; x_wconf 91' lang='lat' dir='ltr'>et</span> <span class='ocrx_word' id='word_1_102' title='bbox 1001 1156 1072 1185; x_wconf 88' lang='lat' dir='ltr'>eas</span> <span class='ocrx_word' id='word_1_103' title='bbox 1103 1157 1200 1199; x_wconf 86' lang='lat' dir='ltr'>quae</span> <span class='ocrx_word' id='word_1_104' title='bbox 1231 1140 1322 1198; x_wconf 86' lang='lat' dir='ltr'>agri</span> <span class='ocrx_word' id='word_1_105' title='bbox 1350 1139 1504 1182; x_wconf 70' lang='lat' dir='ltr'>finibus</span> 
     </span>
     <span class='ocr_line' id='line_1_16' title="bbox 126 1200 1502 1270; baseline 0.001 -20"><span class='ocrx_word' id='word_1_106' title='bbox 126 1206 470 1263; x_wconf 83' lang='lat' dir='ltr'>continebantur,</span> <span class='ocrx_word' id='word_1_107' title='bbox 488 1219 550 1270; x_wconf 17' lang='lat' dir='ltr'>*et</span> <span class='ocrx_word' id='word_1_108' title='bbox 581 1200 652 1252; x_wconf 85' lang='lat' dir='ltr'>eas</span> <span class='ocrx_word' id='word_1_109' title='bbox 679 1226 774 1268; x_wconf 87' lang='lat' dir='ltr'>quae</span> <span class='ocrx_word' id='word_1_110' title='bbox 803 1220 924 1253; x_wconf 86' lang='lat' dir='ltr'>extra</span> <span class='ocrx_word' id='word_1_111' title='bbox 954 1211 1057 1259; x_wconf 29' lang='lat' dir='ltr'>fine-s</span> <span class='ocrx_word' id='word_1_112' title='bbox 1089 1208 1255 1266; x_wconf 88' lang='lat' dir='ltr'>imperii</span> <span class='ocrx_word' id='word_1_113' title='bbox 1286 1208 1502 1265; x_wconf 84' lang='lat' dir='ltr'>patebant,</span> 
     </span>
     <span class='ocr_line' id='line_1_17' title="bbox 124 1275 1502 1336; baseline -0.001 -17"><span class='ocrx_word' id='word_1_114' title='bbox 124 1278 329 1334; x_wconf 73' lang='lat' dir='ltr'>perpetuo</span> <span class='ocrx_word' id='word_1_115' title='bbox 356 1276 699 1330; x_wconf 79' lang='lat' dir='ltr'>moderabantur,</span> <span class='ocrx_word' id='word_1_116' title='bbox 721 1288 850 1336; x_wconf 88' lang='lat' dir='ltr'>atque</span> <span class='ocrx_word' id='word_1_117' title='bbox 880 1278 1236 1320; x_wconf 83' lang='lat' dir='ltr'>administrabant.</span> <span class='ocrx_word' id='word_1_118' title='bbox 1279 1275 1502 1319; x_wconf 82' lang='lat' dir='ltr'>:Posterius</span> 
     </span>
     <span class='ocr_line' id='line_1_18' title="bbox 124 1336 1502 1404; baseline 0 -18"><span class='ocrx_word' id='word_1_119' title='bbox 124 1346 270 1387; x_wconf 65' lang='lat' dir='ltr'>nutem</span> <span class='ocrx_word' id='word_1_120' title='bbox 304 1353 466 1402; x_wconf 82' lang='lat' dir='ltr'>partem</span> <span class='ocrx_word' id='word_1_121' title='bbox 496 1336 647 1404; x_wconf 26' lang='lat' dir='ltr'>earum·</span> <span class='ocrx_word' id='word_1_122' title='bbox 678 1347 824 1404; x_wconf 87' lang='lat' dir='ltr'>sponte</span> <span class='ocrx_word' id='word_1_123' title='bbox 855 1347 929 1389; x_wconf 83' lang='lat' dir='ltr'>sua</span> <span class='ocrx_word' id='word_1_124' title='bbox 961 1345 1280 1388; x_wconf 84' lang='lat' dir='ltr'>dimittentibus</span> <span class='ocrx_word' id='word_1_125' title='bbox 1310 1342 1502 1402; x_wconf 88' lang='lat' dir='ltr'>regibus,</span> 
     </span>
     <span class='ocr_line' id='line_1_19' title="bbox 0 1411 1501 1472; baseline 0.001 -18"><span class='ocrx_word' id='word_1_126' title='bbox 0 1418 3 1420; x_wconf 74' lang='grc'><strong><em>’</em></strong></span> <span class='ocrx_word' id='word_1_127' title='bbox 41 1422 43 1427; x_wconf 83' lang='grc'>’</span> <span class='ocrx_word' id='word_1_128' title='bbox 122 1412 286 1470; x_wconf 65' lang='lat' dir='ltr'>partem</span> <span class='ocrx_word' id='word_1_129' title='bbox 309 1411 437 1471; x_wconf 70' lang='lat' dir='ltr'>plebe</span> <span class='ocrx_word' id='word_1_130' title='bbox 460 1413 724 1468; x_wconf 83' lang='lat' dir='ltr'>detrahente,</span> <span class='ocrx_word' id='word_1_131' title='bbox 745 1415 786 1457; x_wconf 88' lang='lat' dir='ltr'>in</span> <span class='ocrx_word' id='word_1_132' title='bbox 808 1414 900 1460; x_wconf 84' lang='lat' dir='ltr'>aliis</span> <span class='ocrx_word' id='word_1_133' title='bbox 920 1414 1092 1472; x_wconf 90' lang='lat' dir='ltr'>quidem</span> <span class='ocrx_word' id='word_1_134' title='bbox 1113 1413 1356 1456; x_wconf 89' lang='lat' dir='ltr'>civitatibus</span> <span class='ocrx_word' id='word_1_135' title='bbox 1373 1412 1501 1456; x_wconf 86' lang='lat' dir='ltr'>sacri-</span> 
     </span>
     <span class='ocr_line' id='line_1_20' title="bbox 30 1478 1502 1542; baseline 0 -18"><span class='ocrx_word' id='word_1_136' title='bbox 30 1494 35 1542; x_wconf 64' lang='lat'><em>}</em></span> <span class='ocrx_word' id='word_1_137' title='bbox 122 1478 456 1527; x_wconf 63' lang='lat' dir='ltr'>ficia-dumtaxat</span> <span class='ocrx_word' id='word_1_138' title='bbox 484 1482 659 1540; x_wconf 84' lang='lat' dir='ltr'>regibus</span> <span class='ocrx_word' id='word_1_139' title='bbox 678 1482 826 1526; x_wconf 61' lang='lat' dir='ltr'>relicta</span> <span class='ocrx_word' id='word_1_140' title='bbox 844 1483 958 1525; x_wconf 89' lang='lat' dir='ltr'>sunt:</span> <span class='ocrx_word' id='word_1_141' title='bbox 996 1483 1038 1525; x_wconf 89' lang='lat' dir='ltr'>in</span> <span class='ocrx_word' id='word_1_142' title='bbox 1060 1482 1121 1525; x_wconf 87' lang='lat' dir='ltr'>eis</span> <span class='ocrx_word' id='word_1_143' title='bbox 1143 1497 1257 1534; x_wconf 88' lang='lat' dir='ltr'>vero,</span> <span class='ocrx_word' id='word_1_144' title='bbox 1277 1482 1320 1523; x_wconf 92' lang='lat' dir='ltr'>in</span> <span class='ocrx_word' id='word_1_145' title='bbox 1344 1481 1502 1539; x_wconf 80' lang='lat' dir='ltr'>quibus</span> 
     </span>
     <span class='ocr_line' id='line_1_21' title="bbox 7 1543 1499 1608; baseline -0.001 -16"><span class='ocrx_word' id='word_1_146' title='bbox 7 1543 23 1603; x_wconf 61' lang='lat' dir='ltr'>js</span> <span class='ocrx_word' id='word_1_147' title='bbox 43 1561 49 1567; x_wconf 79' lang='lat'><strong>·</strong></span> <span class='ocrx_word' id='word_1_148' title='bbox 119 1547 475 1608; x_wconf 67' lang='lat' dir='ltr'>metitoregnum</span> <span class='ocrx_word' id='word_1_149' title='bbox 503 1550 704 1607; x_wconf 85' lang='lat' dir='ltr'>appellari</span> <span class='ocrx_word' id='word_1_150' title='bbox 736 1560 913 1608; x_wconf 87' lang='lat' dir='ltr'>poterat,</span> <span class='ocrx_word' id='word_1_151' title='bbox 928 1560 1052 1597; x_wconf 8' lang='lat' dir='ltr'>,extra</span> <span class='ocrx_word' id='word_1_152' title='bbox 1070 1550 1194 1608; x_wconf 85' lang='lat' dir='ltr'>regni</span> <span class='ocrx_word' id='word_1_153' title='bbox 1214 1549 1316 1592; x_wconf 86' lang='lat' dir='ltr'>fines</span> <span class='ocrx_word' id='word_1_154' title='bbox 1335 1549 1394 1591; x_wconf 91' lang='lat' dir='ltr'>rei</span> <span class='ocrx_word' id='word_1_155' title='bbox 1415 1549 1499 1591; x_wconf 72' lang='lat' dir='ltr'>mi·</span> 
     </span>
     <span class='ocr_line' id='line_1_22' title="bbox 12 1611 1085 1676; baseline 0.001 -16"><span class='ocrx_word' id='word_1_156' title='bbox 12 1611 17 1614; x_wconf 41' lang='lat'><strong>⁴</strong></span> <span class='ocrx_word' id='word_1_157' title='bbox 75 1626 78 1629; x_wconf 87' lang='lat'>&#39;</span> <span class='ocrx_word' id='word_1_158' title='bbox 119 1614 254 1672; x_wconf 53' lang='lat' dir='ltr'>litatis</span> <span class='ocrx_word' id='word_1_159' title='bbox 273 1615 497 1660; x_wconf 86' lang='lat' dir='ltr'>dumtaxat</span> <span class='ocrx_word' id='word_1_160' title='bbox 514 1618 795 1676; x_wconf 83' lang='lat' dir='ltr'>principatum</span> <span class='ocrx_word' id='word_1_161' title='bbox 816 1619 1085 1662; x_wconf 87' lang='lat' dir='ltr'>obtinebant.</span> 
     </span>
     <span class='ocr_line' id='line_1_23' title="bbox 34 1680 1716 1747; baseline -0.001 -17"><span class='ocrx_word' id='word_1_162' title='bbox 34 1726 39 1734; x_wconf 81' lang='grc'>,</span> <span class='ocrx_word' id='word_1_163' title='bbox 161 1680 317 1745; x_wconf 71' lang='lat' dir='ltr'>Regni</span> <span class='ocrx_word' id='word_1_164' title='bbox 338 1686 472 1744; x_wconf 82' lang='lat' dir='ltr'>igitur</span> <span class='ocrx_word' id='word_1_165' title='bbox 490 1686 585 1730; x_wconf 87' lang='lat' dir='ltr'>haec</span> <span class='ocrx_word' id='word_1_166' title='bbox 603 1687 699 1730; x_wconf 88' lang='lat' dir='ltr'>sunt</span> <span class='ocrx_word' id='word_1_167' title='bbox 718 1701 887 1747; x_wconf 83' lang='lat' dir='ltr'>genera,</span> <span class='ocrx_word' id='word_1_168' title='bbox 909 1697 1092 1745; x_wconf 84' lang='lat' dir='ltr'>quatuor</span> <span class='ocrx_word' id='word_1_169' title='bbox 1120 1702 1301 1730; x_wconf 87' lang='lat' dir='ltr'>numero</span> <span class='ocrx_word' id='word_1_170' title='bbox 1319 1705 1329 1729; x_wconf 72' lang='grc' dir='ltr'>ι</span> <span class='ocrx_word' id='word_1_171' title='bbox 1361 1701 1498 1731; x_wconf 87' lang='lat' dir='ltr'>unum</span> <span class='ocrx_word' id='word_1_172' title='bbox 1644 1702 1716 1741; x_wconf 56' lang='lat' dir='ltr'>XI,</span> 
     </span>
     <span class='ocr_line' id='line_1_24' title="bbox 5 1751 1619 1813; baseline 0.001 -17"><span class='ocrx_word' id='word_1_173' title='bbox 5 1789 18 1802; x_wconf 67' lang='lat'>.,</span> <span class='ocrx_word' id='word_1_174' title='bbox 41 1778 46 1787; x_wconf 46' lang='lat' dir='ltr'>x</span> <span class='ocrx_word' id='word_1_175' title='bbox 120 1751 409 1813; x_wconf 62' lang='lat' dir='ltr'>qfiofflviguit</span> <span class='ocrx_word' id='word_1_176' title='bbox 427 1753 611 1798; x_wconf 88' lang='lat' dir='ltr'>heroicis</span> <span class='ocrx_word' id='word_1_177' title='bbox 639 1756 927 1813; x_wconf 88' lang='lat' dir='ltr'>temporibus:</span> <span class='ocrx_word' id='word_1_178' title='bbox 959 1756 1043 1798; x_wconf 92' lang='lat' dir='ltr'>hoc</span> <span class='ocrx_word' id='word_1_179' title='bbox 1065 1764 1209 1799; x_wconf 87' lang='lat' dir='ltr'>autem</span> <span class='ocrx_word' id='word_1_180' title='bbox 1232 1755 1276 1798; x_wconf 88' lang='lat' dir='ltr'>in</span> <span class='ocrx_word' id='word_1_181' title='bbox 1297 1770 1372 1798; x_wconf 83' lang='lat' dir='ltr'>eos</span> <span class='ocrx_word' id='word_1_182' title='bbox 1401 1755 1498 1813; x_wconf 73' lang='lat' dir='ltr'>qui-</span> <span class='ocrx_word' id='word_1_183' title='bbox 1519 1769 1619 1809; x_wconf 84' lang='lat'>120</span> 
     </span>
     <span class='ocr_line' id='line_1_25' title="bbox 0 1820 1500 1882; baseline 0 -16"><span class='ocrx_word' id='word_1_184' title='bbox 0 1828 19 1879; x_wconf 64' lang='lat' dir='ltr'>‘J</span> <span class='ocrx_word' id='word_1_185' title='bbox 43 1834 50 1868; x_wconf 80' lang='grc'>’,</span> <span class='ocrx_word' id='word_1_186' title='bbox 120 1820 223 1866; x_wconf 65' lang='lat' dir='ltr'>dem</span> <span class='ocrx_word' id='word_1_187' title='bbox 239 1821 419 1876; x_wconf 82' lang='lat' dir='ltr'>valebat,</span> <span class='ocrx_word' id='word_1_188' title='bbox 439 1823 679 1881; x_wconf 76' lang='lat' dir='ltr'>quispbnte</span> <span class='ocrx_word' id='word_1_189' title='bbox 699 1824 771 1866; x_wconf 90' lang='lat' dir='ltr'>sua</span> <span class='ocrx_word' id='word_1_190' title='bbox 788 1824 967 1882; x_wconf 86' lang='lat' dir='ltr'>imperio</span> <span class='ocrx_word' id='word_1_191' title='bbox 998 1825 1230 1882; x_wconf 84' lang='lat' dir='ltr'>parebant:</span> <span class='ocrx_word' id='word_1_192' title='bbox 1262 1824 1332 1866; x_wconf 92' lang='lat' dir='ltr'>sed</span> <span class='ocrx_word' id='word_1_193' title='bbox 1361 1823 1415 1867; x_wconf 85' lang='lat' dir='ltr'>ad</span> <span class='ocrx_word' id='word_1_194' title='bbox 1434 1839 1500 1867; x_wconf 86' lang='lat' dir='ltr'>res</span> 
     </span>
     <span class='ocr_line' id='line_1_26' title="bbox 0 1885 1498 1951; baseline 0 -16"><span class='ocrx_word' id='word_1_195' title='bbox 0 1885 2 1892; x_wconf 64' lang='grc'><em>’</em></span> <span class='ocrx_word' id='word_1_196' title='bbox 43 1906 46 1911; x_wconf 90' lang='lat'>·</span> <span class='ocrx_word' id='word_1_197' title='bbox 119 1899 258 1935; x_wconf 67' lang='lat' dir='ltr'>certas</span> <span class='ocrx_word' id='word_1_198' title='bbox 275 1905 326 1934; x_wconf 81' lang='lat' dir='ltr'>ac</span> <span class='ocrx_word' id='word_1_199' title='bbox 430 1891 584 1942; x_wconf 76' lang='lat' dir='ltr'>finitas.</span> <span class='ocrx_word' id='word_1_200' title='bbox 643 1893 736 1936; x_wconf 84' lang='lat' dir='ltr'>Rex</span> <span class='ocrx_word' id='word_1_201' title='bbox 764 1893 878 1936; x_wconf 89' lang='lat' dir='ltr'>enim</span> <span class='ocrx_word' id='word_1_202' title='bbox 909 1901 998 1936; x_wconf 90' lang='lat' dir='ltr'>erat</span> <span class='ocrx_word' id='word_1_203' title='bbox 1024 1893 1265 1950; x_wconf 89' lang='lat' dir='ltr'>imperator,</span> <span class='ocrx_word' id='word_1_204' title='bbox 1288 1891 1498 1951; x_wconf 80' lang='lat' dir='ltr'>etjudex,</span> 
     </span>
     <span class='ocr_line' id='line_1_27' title="bbox 43 1959 1498 2025; baseline 0.001 -23"><span class='ocrx_word' id='word_1_205' title='bbox 43 2015 45 2025; x_wconf 44' lang='grc' dir='ltr'>Ι</span> <span class='ocrx_word' id='word_1_206' title='bbox 120 1964 171 2002; x_wconf 73' lang='lat' dir='ltr'>et</span> <span class='ocrx_word' id='word_1_207' title='bbox 197 1971 351 2015; x_wconf 15' lang='lat' dir='ltr'>rerum*</span> <span class='ocrx_word' id='word_1_208' title='bbox 398 1959 608 2002; x_wconf 71' lang='lat' dir='ltr'>ivinarum</span> <span class='ocrx_word' id='word_1_209' title='bbox 638 1959 838 2003; x_wconf 83' lang='lat' dir='ltr'>dominus</span> <span class='ocrx_word' id='word_1_210' title='bbox 867 1970 995 2021; x_wconf 88' lang='lat' dir='ltr'>atque</span> <span class='ocrx_word' id='word_1_211' title='bbox 1021 1961 1191 2004; x_wconf 85' lang='lat' dir='ltr'>arbiter.</span> <span class='ocrx_word' id='word_1_212' title='bbox 1252 1961 1498 2004; x_wconf 82' lang='lat' dir='ltr'>Secundum</span> 
     </span>
     <span class='ocr_line' id='line_1_28' title="bbox 11 2023 1497 2094; baseline 0.001 -23"><span class='ocrx_word' id='word_1_213' title='bbox 11 2082 14 2083; x_wconf 19' lang='lat'><em>⁷</em></span> <span class='ocrx_word' id='word_1_214' title='bbox 120 2023 412 2094; x_wconf 57' lang='lat' dir='ltr'>barbaricum:</span> <span class='ocrx_word' id='word_1_215' title='bbox 433 2026 518 2070; x_wconf 85' lang='lat' dir='ltr'>hoc</span> <span class='ocrx_word' id='word_1_216' title='bbox 535 2036 679 2070; x_wconf 86' lang='lat' dir='ltr'>autem</span> <span class='ocrx_word' id='word_1_217' title='bbox 701 2027 863 2086; x_wconf 86' lang='lat' dir='ltr'>gentile</span> <span class='ocrx_word' id='word_1_218' title='bbox 881 2023 1103 2086; x_wconf 87' lang='lat' dir='ltr'>imperium</span> <span class='ocrx_word' id='word_1_219' title='bbox 1125 2029 1195 2081; x_wconf 85' lang='lat' dir='ltr'>est,</span> <span class='ocrx_word' id='word_1_220' title='bbox 1217 2028 1366 2082; x_wconf 88' lang='lat' dir='ltr'>herile,</span> <span class='ocrx_word' id='word_1_221' title='bbox 1385 2028 1497 2087; x_wconf 57' lang='lat' dir='ltr'>legia</span> 
     </span>
     <span class='ocr_line' id='line_1_29' title="bbox 7 2085 1499 2153; baseline -0.001 -12"><span class='ocrx_word' id='word_1_222' title='bbox 7 2085 47 2147; x_wconf 35' lang='grc' dir='ltr'>ἐξ</span> <span class='ocrx_word' id='word_1_223' title='bbox 121 2095 295 2138; x_wconf 76' lang='lat' dir='ltr'>timum.</span> <span class='ocrx_word' id='word_1_224' title='bbox 362 2094 560 2138; x_wconf 89' lang='lat' dir='ltr'>Tertium</span> <span class='ocrx_word' id='word_1_225' title='bbox 600 2095 715 2153; x_wconf 89' lang='lat' dir='ltr'>quod</span> <span class='ocrx_word' id='word_1_226' title='bbox 755 2096 1067 2153; x_wconf 87' lang='lat' dir='ltr'>AEsymnetiam</span> <span class='ocrx_word' id='word_1_227' title='bbox 1107 2096 1364 2139; x_wconf 66' lang='lat' dir='ltr'>nominante</span> <span class='ocrx_word' id='word_1_228' title='bbox 1413 2095 1499 2139; x_wconf 87' lang='lat' dir='ltr'>hoc</span> 
     </span>
     <span class='ocr_line' id='line_1_30' title="bbox 117 2159 1496 2222; baseline 0 -16"><span class='ocrx_word' id='word_1_229' title='bbox 117 2159 274 2220; x_wconf 59' lang='lat' dir='ltr'>aufem</span> <span class='ocrx_word' id='word_1_230' title='bbox 289 2161 349 2205; x_wconf 81' lang='lat' dir='ltr'>est</span> <span class='ocrx_word' id='word_1_231' title='bbox 374 2162 580 2220; x_wconf 79' lang='lat' dir='ltr'>tyranniS,</span> <span class='ocrx_word' id='word_1_232' title='bbox 601 2162 644 2205; x_wconf 90' lang='lat' dir='ltr'>in</span> <span class='ocrx_word' id='word_1_233' title='bbox 675 2163 848 2221; x_wconf 88' lang='lat' dir='ltr'>optione</span> <span class='ocrx_word' id='word_1_234' title='bbox 867 2172 913 2207; x_wconf 88' lang='lat' dir='ltr'>et</span> <span class='ocrx_word' id='word_1_235' title='bbox 931 2163 1226 2222; x_wconf 87' lang='lat' dir='ltr'>suffragatione</span> <span class='ocrx_word' id='word_1_236' title='bbox 1251 2163 1396 2222; x_wconf 88' lang='lat' dir='ltr'>populi</span> <span class='ocrx_word' id='word_1_237' title='bbox 1417 2179 1496 2222; x_wconf 88' lang='lat' dir='ltr'>po·-</span> 
     </span>
     <span class='ocr_line' id='line_1_31' title="bbox 121 2229 1496 2290; baseline -0.001 -15.074"><span class='ocrx_word' id='word_1_238' title='bbox 121 2229 210 2275; x_wconf 64' lang='lat' dir='ltr'>fita.</span> <span class='ocrx_word' id='word_1_239' title='bbox 268 2230 483 2274; x_wconf 80' lang='lat' dir='ltr'>Quartum</span> <span class='ocrx_word' id='word_1_240' title='bbox 501 2230 558 2273; x_wconf 90' lang='lat' dir='ltr'>est</span> <span class='ocrx_word' id='word_1_241' title='bbox 576 2231 868 2275; x_wconf 82' lang='lat' dir='ltr'>Laconicum.</span> <span class='ocrx_word' id='word_1_242' title='bbox 901 2231 984 2274; x_wconf 91' lang='lat' dir='ltr'>hoc</span> <span class='ocrx_word' id='word_1_243' title='bbox 1013 2241 1155 2274; x_wconf 89' lang='lat' dir='ltr'>autem</span> <span class='ocrx_word' id='word_1_244' title='bbox 1176 2232 1249 2284; x_wconf 87' lang='lat' dir='ltr'>est,</span> <span class='ocrx_word' id='word_1_245' title='bbox 1270 2240 1319 2274; x_wconf 90' lang='lat' dir='ltr'>ut</span> <span class='ocrx_word' id='word_1_246' title='bbox 1337 2232 1496 2290; x_wconf 69' lang='lat' dir='ltr'>fimpli.</span> 
     </span>
    </p>

    <p class='ocr_par' dir='ltr' id='par_1_6' title="bbox 1 2299 1498 2891">
     <span class='ocr_line' id='line_1_32' title="bbox 52 2299 1495 2359; baseline 0 -16"><span class='ocrx_word' id='word_1_247' title='bbox 52 2305 53 2311; x_wconf 77' lang='grc'>’</span> <span class='ocrx_word' id='word_1_248' title='bbox 120 2299 251 2354; x_wconf 63' lang='lat' dir='ltr'>citer</span> <span class='ocrx_word' id='word_1_249' title='bbox 257 2307 302 2343; x_wconf 84' lang='lat' dir='ltr'>et</span> <span class='ocrx_word' id='word_1_250' title='bbox 332 2299 478 2357; x_wconf 81' lang='lat' dir='ltr'>paucis</span> <span class='ocrx_word' id='word_1_251' title='bbox 511 2299 649 2342; x_wconf 82' lang='lat' dir='ltr'>verbis</span> <span class='ocrx_word' id='word_1_252' title='bbox 681 2299 838 2352; x_wconf 86' lang='lat' dir='ltr'>dicam,</span> <span class='ocrx_word' id='word_1_253' title='bbox 875 2300 1099 2358; x_wconf 87' lang='lat' dir='ltr'>imperium</span> <span class='ocrx_word' id='word_1_254' title='bbox 1131 2300 1316 2343; x_wconf 87' lang='lat' dir='ltr'>militare</span> <span class='ocrx_word' id='word_1_255' title='bbox 1345 2315 1495 2359; x_wconf 84' lang='lat' dir='ltr'>perpe-</span> 
     </span>
     <span class='ocr_line' id='line_1_33' title="bbox 87 2365 1494 2429; baseline -0.001 -14"><span class='ocrx_word' id='word_1_256' title='bbox 87 2391 90 2394; x_wconf 97' lang='lat'>·</span> <span class='ocrx_word' id='word_1_257' title='bbox 120 2374 262 2416; x_wconf 73' lang='lat' dir='ltr'>tuutm</span> <span class='ocrx_word' id='word_1_258' title='bbox 303 2365 432 2414; x_wconf 77' lang='lat' dir='ltr'>Haec</span> <span class='ocrx_word' id='word_1_259' title='bbox 461 2370 596 2429; x_wconf 89' lang='lat' dir='ltr'>igitur</span> <span class='ocrx_word' id='word_1_260' title='bbox 622 2370 705 2413; x_wconf 89' lang='lat' dir='ltr'>hoc</span> <span class='ocrx_word' id='word_1_261' title='bbox 729 2371 860 2414; x_wconf 90' lang='lat' dir='ltr'>modo</span> <span class='ocrx_word' id='word_1_262' title='bbox 883 2372 992 2414; x_wconf 88' lang='lat' dir='ltr'>inter</span> <span class='ocrx_word' id='word_1_263' title='bbox 1012 2372 1053 2414; x_wconf 88' lang='lat' dir='ltr'>se</span> <span class='ocrx_word' id='word_1_264' title='bbox 1074 2370 1290 2414; x_wconf 83' lang='lat' dir='ltr'>differunt.</span> <span class='ocrx_word' id='word_1_265' title='bbox 1351 2371 1494 2415; x_wconf 82' lang='lat' dir='ltr'>Quin-</span> 
     </span>
     <span class='ocr_line' id='line_1_34' title="bbox 120 2431 1496 2498; baseline -0.001 -13"><span class='ocrx_word' id='word_1_266' title='bbox 120 2431 218 2489; x_wconf 64' lang='lat' dir='ltr'>iiim</span> <span class='ocrx_word' id='word_1_267' title='bbox 249 2437 391 2483; x_wconf 71' lang='lat' dir='ltr'>a’utem</span> <span class='ocrx_word' id='word_1_268' title='bbox 425 2439 546 2498; x_wconf 86' lang='lat' dir='ltr'>regni</span> <span class='ocrx_word' id='word_1_269' title='bbox 576 2454 713 2498; x_wconf 84' lang='lat' dir='ltr'>genus</span> <span class='ocrx_word' id='word_1_270' title='bbox 743 2441 814 2492; x_wconf 88' lang='lat' dir='ltr'>est,</span> <span class='ocrx_word' id='word_1_271' title='bbox 847 2455 946 2482; x_wconf 90' lang='lat' dir='ltr'>cum</span> <span class='ocrx_word' id='word_1_272' title='bbox 976 2455 1106 2497; x_wconf 85' lang='lat' dir='ltr'>penes</span> <span class='ocrx_word' id='word_1_273' title='bbox 1134 2455 1271 2483; x_wconf 91' lang='lat' dir='ltr'>unum</span> <span class='ocrx_word' id='word_1_274' title='bbox 1300 2440 1496 2484; x_wconf 88' lang='lat' dir='ltr'>omnium</span> 
     </span>
     <span class='ocr_line' id='line_1_35' title="bbox 112 2502 1494 2567; baseline 0 -15"><span class='ocrx_word' id='word_1_275' title='bbox 112 2502 262 2552; x_wconf 50' lang='lat' dir='ltr'>¹mirum</span> <span class='ocrx_word' id='word_1_276' title='bbox 292 2505 471 2566; x_wconf 75' lang='lat' dir='ltr'>potestas</span> <span class='ocrx_word' id='word_1_277' title='bbox 492 2507 874 2564; x_wconf 89' lang='lat' dir='ltr'>(quemadmodum</span> <span class='ocrx_word' id='word_1_278' title='bbox 904 2523 1170 2566; x_wconf 86' lang='lat' dir='ltr'>unaquaeque</span> <span class='ocrx_word' id='word_1_279' title='bbox 1195 2523 1302 2567; x_wconf 79' lang='lat' dir='ltr'>gens</span> <span class='ocrx_word' id='word_1_280' title='bbox 1322 2514 1365 2551; x_wconf 92' lang='lat' dir='ltr'>et</span> <span class='ocrx_word' id='word_1_281' title='bbox 1385 2524 1494 2552; x_wconf 91' lang='lat' dir='ltr'>una-</span> 
     </span>
     <span class='ocr_line' id='line_1_36' title="bbox 118 2574 1498 2635; baseline -0.001 -15"><span class='ocrx_word' id='word_1_282' title='bbox 118 2587 300 2635; x_wconf 80' lang='lat' dir='ltr'>quaeque</span> <span class='ocrx_word' id='word_1_283' title='bbox 329 2574 493 2628; x_wconf 84' lang='lat' dir='ltr'>civitas,</span> <span class='ocrx_word' id='word_1_284' title='bbox 518 2574 769 2632; x_wconf 89' lang='lat' dir='ltr'>reipublicae</span> <span class='ocrx_word' id='word_1_285' title='bbox 803 2589 980 2632; x_wconf 84' lang='lat' dir='ltr'>compos</span> <span class='ocrx_word' id='word_1_286' title='bbox 1008 2584 1052 2617; x_wconf 89' lang='lat' dir='ltr'>et</span> <span class='ocrx_word' id='word_1_287' title='bbox 1081 2575 1255 2617; x_wconf 86' lang='lat' dir='ltr'>domina</span> <span class='ocrx_word' id='word_1_288' title='bbox 1279 2575 1356 2631; x_wconf 85' lang='lat' dir='ltr'>est)</span> <span class='ocrx_word' id='word_1_289' title='bbox 1378 2575 1498 2633; x_wconf 90' lang='lat' dir='ltr'>quod</span> 
     </span>
     <span class='ocr_line' id='line_1_37' title="bbox 118 2639 1495 2715; baseline -0.001 -28"><span class='ocrx_word' id='word_1_290' title='bbox 118 2639 300 2715; x_wconf 60' lang='lat' dir='ltr'>regnum</span> <span class='ocrx_word' id='word_1_291' title='bbox 320 2642 381 2686; x_wconf 87' lang='lat' dir='ltr'>rei</span> <span class='ocrx_word' id='word_1_292' title='bbox 401 2641 620 2686; x_wconf 87' lang='lat' dir='ltr'>familiaris</span> <span class='ocrx_word' id='word_1_293' title='bbox 638 2642 971 2685; x_wconf 85' lang='lat' dir='ltr'>administrandae</span> <span class='ocrx_word' id='word_1_294' title='bbox 987 2643 1194 2686; x_wconf 87' lang='lat' dir='ltr'>rationem</span> <span class='ocrx_word' id='word_1_295' title='bbox 1215 2643 1495 2701; x_wconf 83' lang='lat' dir='ltr'>descriptione</span> 
     </span>
     <span class='ocr_line' id='line_1_38' title="bbox 1 2702 1496 2772; baseline -0.001 -18"><span class='ocrx_word' id='word_1_296' title='bbox 1 2702 53 2772; x_wconf 50' lang='lat' dir='ltr'>&#39;gp</span> <span class='ocrx_word' id='word_1_297' title='bbox 119 2708 167 2754; x_wconf 75' lang='lat' dir='ltr'>et&#39;</span> <span class='ocrx_word' id='word_1_298' title='bbox 191 2703 342 2755; x_wconf 81' lang='lat' dir='ltr'>ordine</span> <span class='ocrx_word' id='word_1_299' title='bbox 367 2710 578 2754; x_wconf 85' lang='lat' dir='ltr'>imitetur.</span> <span class='ocrx_word' id='word_1_300' title='bbox 637 2710 1014 2754; x_wconf 78' lang='lat' dir='ltr'>Quemadmodum</span> <span class='ocrx_word' id='word_1_301' title='bbox 1045 2711 1159 2754; x_wconf 85' lang='lat' dir='ltr'>enim</span> <span class='ocrx_word' id='word_1_302' title='bbox 1188 2711 1248 2753; x_wconf 90' lang='lat' dir='ltr'>rei</span> <span class='ocrx_word' id='word_1_303' title='bbox 1279 2710 1496 2757; x_wconf 75' lang='lat' dir='ltr'>familiaria</span> 
     </span>
     <span class='ocr_line' id='line_1_39' title="bbox 93 2774 1493 2837; baseline -0.001 -15"><span class='ocrx_word' id='word_1_304' title='bbox 93 2818 99 2827; x_wconf 87' lang='grc'><em>,</em></span> <span class='ocrx_word' id='word_1_305' title='bbox 118 2774 288 2822; x_wconf 72' lang='lat' dir='ltr'>tuendae·</span> <span class='ocrx_word' id='word_1_306' title='bbox 318 2778 575 2837; x_wconf 86' lang='lat' dir='ltr'>procuratio,</span> <span class='ocrx_word' id='word_1_307' title='bbox 595 2793 775 2837; x_wconf 84' lang='lat' dir='ltr'>regnum</span> <span class='ocrx_word' id='word_1_308' title='bbox 797 2778 1010 2835; x_wconf 87' lang='lat' dir='ltr'>quoddam</span> <span class='ocrx_word' id='word_1_309' title='bbox 1030 2778 1184 2822; x_wconf 83' lang='lat' dir='ltr'>domus</span> <span class='ocrx_word' id='word_1_310' title='bbox 1204 2779 1289 2822; x_wconf 88' lang='lat' dir='ltr'>est·</span> <span class='ocrx_word' id='word_1_311' title='bbox 1323 2780 1375 2821; x_wconf 84' lang='lat' dir='ltr'>fic</span> <span class='ocrx_word' id='word_1_312' title='bbox 1395 2793 1493 2836; x_wconf 87' lang='lat' dir='ltr'>reg-</span> 
     </span>
     <span class='ocr_line' id='line_1_40' title="bbox 753 2845 851 2891; baseline 0.051 -5"><span class='ocrx_word' id='word_1_313' title='bbox 753 2860 769 2887; x_wconf 91' lang='lat'>1</span> <span class='ocrx_word' id='word_1_314' title='bbox 792 2845 804 2887; x_wconf 87' lang='lat' dir='ltr'>i</span> <span class='ocrx_word' id='word_1_315' title='bbox 826 2860 851 2891; x_wconf 83' lang='lat'><em>2</em></span> 
     </span>
    </p>
   </div>
   <div class='ocr_carea' id='block_1_4' title="bbox 0 968 55 2521">
    <p class='ocr_par' dir='ltr' id='par_1_7' title="bbox 0 968 55 2521">
     <span class='ocr_line' id='line_1_41' title="bbox 0 968 55 2521; baseline 0 0"><span class='ocrx_word' id='word_1_316' title='bbox 0 968 55 2521; x_wconf 95' lang='lat' dir='ltr'> </span> 
     </span>
    </p>
   </div>
  </div>
 </body>
</html>
