<?xml version="1.0" encoding="UTF-8"?>
<!DOCTYPE html PUBLIC "-//W3C//DTD XHTML 1.0 Transitional//EN"
    "http://www.w3.org/TR/xhtml1/DTD/xhtml1-transitional.dtd">
<html xmlns="http://www.w3.org/1999/xhtml" xml:lang="en" lang="en">
 <head>
  <title>
</title>
<meta http-equiv="Content-Type" content="text/html;charset=utf-8" />
  <meta name='ocr-system' content='tesseract 3.04.00' />
  <meta name='ocr-capabilities' content='ocr_page ocr_carea ocr_par ocr_line ocrx_word'/>
</head>
<body>
  <div class='ocr_page' id='page_1' title='image "./politicagreeklat02arisuoft_0206.png"; bbox 0 0 1898 3308; ppageno 0'>
   <div class='ocr_carea' id='block_1_1' title="bbox 448 175 1381 226">
    <p class='ocr_par' dir='ltr' id='par_1_1' title="bbox 448 175 1381 226">
     <span class='ocr_line' id='line_1_1' title="bbox 448 175 1381 226; baseline 0.011 -14"><span class='ocrx_word' id='word_1_1' title='bbox 448 181 536 226; x_wconf 81' lang='lat'><strong>430</strong></span> <span class='ocrx_word' id='word_1_2' title='bbox 753 181 775 213; x_wconf 69' lang='grc' dir='ltr'><strong><em>Γ</em></strong></span> <span class='ocrx_word' id='word_1_3' title='bbox 868 175 1381 223; x_wconf 76' lang='lat' dir='ltr'><strong>&#39;ARISTOTELIS</strong></span> 
     </span>
    </p>
   </div>
   <div class='ocr_carea' id='block_1_2' title="bbox 345 291 1867 2868">
    <p class='ocr_par' dir='ltr' id='par_1_2' title="bbox 345 291 1867 2868">
     <span class='ocr_line' id='line_1_2' title="bbox 446 291 1814 359; baseline 0.01 -27"><span class='ocrx_word' id='word_1_4' title='bbox 446 304 548 334; x_wconf 85' lang='lat' dir='ltr'><strong>eum</strong></span> <span class='ocrx_word' id='word_1_5' title='bbox 576 291 732 338; x_wconf 82' lang='lat' dir='ltr'><strong>debere</strong></span> <span class='ocrx_word' id='word_1_6' title='bbox 747 294 929 354; x_wconf 78' lang='lat' dir='ltr'><strong>judicat,</strong></span> <span class='ocrx_word' id='word_1_7' title='bbox 948 298 1020 343; x_wconf 86' lang='lat' dir='ltr'><strong>sed</strong></span> <span class='ocrx_word' id='word_1_8' title='bbox 1048 299 1200 359; x_wconf 82' lang='lat' dir='ltr'><strong>viginti</strong></span> <span class='ocrx_word' id='word_1_9' title='bbox 1229 300 1364 344; x_wconf 80' lang='lat' dir='ltr'><strong>minas</strong></span> <span class='ocrx_word' id='word_1_10' title='bbox 1392 305 1477 343; x_wconf 86' lang='lat' dir='ltr'><strong>non</strong></span> <span class='ocrx_word' id='word_1_11' title='bbox 1497 300 1667 344; x_wconf 51' lang='lat' dir='ltr'><strong>debete,</strong></span> <span class='ocrx_word' id='word_1_12' title='bbox 1686 297 1814 350; x_wconf 44' lang='lat' dir='ltr'><strong>„m-</strong></span> 
     </span>
     <span class='ocr_line' id='line_1_3' title="bbox 446 360 1813 427; baseline 0.007 -26"><span class='ocrx_word' id='word_1_13' title='bbox 446 373 541 402; x_wconf 83' lang='lat' dir='ltr'><strong>rum</strong></span> <span class='ocrx_word' id='word_1_14' title='bbox 570 360 644 404; x_wconf 90' lang='lat' dir='ltr'><strong>ille</strong></span> <span class='ocrx_word' id='word_1_15' title='bbox 664 362 757 420; x_wconf 87' lang='lat' dir='ltr'><strong>jam</strong></span> <span class='ocrx_word' id='word_1_16' title='bbox 776 365 949 424; x_wconf 72' lang='lat' dir='ltr'><strong>querat,</strong></span> <span class='ocrx_word' id='word_1_17' title='bbox 969 367 1044 426; x_wconf 88' lang='lat' dir='ltr'><strong>qui</strong></span> <span class='ocrx_word' id='word_1_18' title='bbox 1070 383 1154 411; x_wconf 89' lang='lat' dir='ltr'><strong>non</strong></span> <span class='ocrx_word' id='word_1_19' title='bbox 1175 378 1328 426; x_wconf 82' lang='lat' dir='ltr'><strong>putans</strong></span> <span class='ocrx_word' id='word_1_20' title='bbox 1347 382 1466 412; x_wconf 86' lang='lat' dir='ltr'><strong>reum</strong></span> <span class='ocrx_word' id='word_1_21' title='bbox 1486 361 1813 427; x_wconf 58' lang='lat' dir='ltr'><strong>debes-eaviffim‘ni</strong></span> 
     </span>
     <span class='ocr_line' id='line_1_4' title="bbox 446 428 1811 494; baseline 0.007 -23"><span class='ocrx_word' id='word_1_22' title='bbox 446 428 598 482; x_wconf 78' lang='lat' dir='ltr'><strong>minas,</strong></span> <span class='ocrx_word' id='word_1_23' title='bbox 617 431 893 478; x_wconf 88' lang='lat' dir='ltr'><strong>nihilominus</strong></span> <span class='ocrx_word' id='word_1_24' title='bbox 911 451 1010 480; x_wconf 89' lang='lat' dir='ltr'><strong>eum</strong></span> <span class='ocrx_word' id='word_1_25' title='bbox 1034 436 1267 480; x_wconf 86' lang='lat' dir='ltr'><strong>damnavit.</strong></span> <span class='ocrx_word' id='word_1_26' title='bbox 1325 438 1393 481; x_wconf 84' lang='lat' dir='ltr'><strong>De</strong></span> <span class='ocrx_word' id='word_1_27' title='bbox 1413 436 1750 494; x_wconf 33' lang='lat' dir='ltr'><strong>praemio&#39;auten</strong></span> <span class='ocrx_word' id='word_1_28' title='bbox 1763 443 1811 480; x_wconf 83' lang='lat' dir='ltr'><strong>et</strong></span> 
     </span>
     <span class='ocr_line' id='line_1_5' title="bbox 438 494 1810 563; baseline 0.005 -24"><span class='ocrx_word' id='word_1_29' title='bbox 438 494 606 542; x_wconf 76' lang='lat' dir='ltr'><strong>&#39;honore</strong></span> <span class='ocrx_word' id='word_1_30' title='bbox 635 500 779 559; x_wconf 91' lang='lat' dir='ltr'><strong>aliquo</strong></span> <span class='ocrx_word' id='word_1_31' title='bbox 809 502 862 546; x_wconf 78' lang='lat' dir='ltr'><strong>iis</strong></span> <span class='ocrx_word' id='word_1_32' title='bbox 893 503 1176 558; x_wconf 84' lang='lat' dir='ltr'><strong>decernendo,</strong></span> <span class='ocrx_word' id='word_1_33' title='bbox 1204 504 1283 563; x_wconf 88' lang='lat' dir='ltr'><strong>qui</strong></span> <span class='ocrx_word' id='word_1_34' title='bbox 1313 504 1471 563; x_wconf 85' lang='lat' dir='ltr'><strong>aliquid</strong></span> <span class='ocrx_word' id='word_1_35' title='bbox 1506 503 1633 558; x_wconf 43' lang='lat' dir='ltr'><strong>utiles,</strong></span> <span class='ocrx_word' id='word_1_36' title='bbox 1644 502 1810 557; x_wconf 52' lang='lat' dir='ltr'><strong>ciuitati</strong></span> 
     </span>
     <span class='ocr_line' id='line_1_6' title="bbox 444 570 1810 630; baseline 0.004 -22"><span class='ocrx_word' id='word_1_37' title='bbox 444 571 706 623; x_wconf 81' lang='lat' dir='ltr'><strong>repererunt,</strong></span> <span class='ocrx_word' id='word_1_38' title='bbox 737 585 822 613; x_wconf 90' lang='lat' dir='ltr'><strong>non</strong></span> <span class='ocrx_word' id='word_1_39' title='bbox 853 571 910 614; x_wconf 82' lang='lat' dir='ltr'><strong>est</strong></span> <span class='ocrx_word' id='word_1_40' title='bbox 945 580 1085 615; x_wconf 88' lang='lat' dir='ltr'><strong>tutum</strong></span> <span class='ocrx_word' id='word_1_41' title='bbox 1122 571 1265 630; x_wconf 84' lang='lat' dir='ltr'><strong>legem</strong></span> <span class='ocrx_word' id='word_1_42' title='bbox 1300 571 1437 615; x_wconf 69' lang='lat' dir='ltr'><strong>ferret</strong></span> <span class='ocrx_word' id='word_1_43' title='bbox 1468 572 1540 615; x_wconf 81' lang='lat' dir='ltr'><strong>sed</strong></span> <span class='ocrx_word' id='word_1_44' title='bbox 1560 571 1629 615; x_wconf 78' lang='lat' dir='ltr'><strong>est</strong></span> <span class='ocrx_word' id='word_1_45' title='bbox 1644 570 1810 616; x_wconf 51' lang='lat' dir='ltr'><strong>¹auditu</strong></span> 
     </span>
     <span class='ocr_line' id='line_1_7' title="bbox 444 632 1807 695; baseline 0.005 -19"><span class='ocrx_word' id='word_1_46' title='bbox 444 632 658 690; x_wconf 69' lang='lat' dir='ltr'>plausibile</span> <span class='ocrx_word' id='word_1_47' title='bbox 683 644 728 680; x_wconf 92' lang='lat' dir='ltr'><strong>et</strong></span> <span class='ocrx_word' id='word_1_48' title='bbox 748 638 975 695; x_wconf 89' lang='lat' dir='ltr'><strong>speciosum</strong></span> <span class='ocrx_word' id='word_1_49' title='bbox 1005 647 1186 683; x_wconf 87' lang='lat' dir='ltr'><strong>tantum.</strong></span> <span class='ocrx_word' id='word_1_50' title='bbox 1245 640 1390 682; x_wconf 83' lang='lat' dir='ltr'>Habet</span> <span class='ocrx_word' id='word_1_51' title='bbox 1418 639 1535 683; x_wconf 83' lang='lat' dir='ltr'><strong>enim</strong></span> <span class='ocrx_word' id='word_1_52' title='bbox 1552 638 1807 691; x_wconf 61' lang='lat' dir='ltr'><strong>calm,</strong></span> 
     </span>
     <span class='ocr_line' id='line_1_8' title="bbox 443 702 1808 761; baseline 0.004 -17"><span class='ocrx_word' id='word_1_53' title='bbox 443 709 490 744; x_wconf 87' lang='lat' dir='ltr'><strong>et</strong></span> <span class='ocrx_word' id='word_1_54' title='bbox 510 702 752 759; x_wconf 77' lang='lat' dir='ltr'><strong>reipublicae</strong></span> <span class='ocrx_word' id='word_1_55' title='bbox 769 705 796 748; x_wconf 87' lang='lat' dir='ltr'>fi</span> <span class='ocrx_word' id='word_1_56' title='bbox 818 706 879 749; x_wconf 86' lang='lat' dir='ltr'><strong>ita</strong></span> <span class='ocrx_word' id='word_1_57' title='bbox 895 707 1032 761; x_wconf 85' lang='lat' dir='ltr'><strong>cadat,</strong></span> <span class='ocrx_word' id='word_1_58' title='bbox 1053 707 1409 751; x_wconf 77' lang='lat' dir='ltr'><strong>commutationes</strong></span> <span class='ocrx_word' id='word_1_59' title='bbox 1435 715 1480 749; x_wconf 90' lang='lat' dir='ltr'><strong>et</strong></span> <span class='ocrx_word' id='word_1_60' title='bbox 1506 706 1808 751; x_wconf 54' lang='lat' dir='ltr'><strong>confflem.</strong></span> 
     </span>
     <span class='ocr_line' id='line_1_9' title="bbox 445 770 1807 833; baseline 0.004 -22"><span class='ocrx_word' id='word_1_61' title='bbox 445 770 628 814; x_wconf 82' lang='lat' dir='ltr'><strong>Incurrit</strong></span> <span class='ocrx_word' id='word_1_62' title='bbox 660 781 804 816; x_wconf 86' lang='lat' dir='ltr'><strong>autem</strong></span> <span class='ocrx_word' id='word_1_63' title='bbox 838 774 881 816; x_wconf 89' lang='lat' dir='ltr'><strong>in</strong></span> <span class='ocrx_word' id='word_1_64' title='bbox 920 775 1044 818; x_wconf 88' lang='lat' dir='ltr'><strong>aliam</strong></span> <span class='ocrx_word' id='word_1_65' title='bbox 1080 776 1352 832; x_wconf 65' lang='lat' dir='ltr'><strong>quaestionem</strong></span> <span class='ocrx_word' id='word_1_66' title='bbox 1386 783 1432 818; x_wconf 88' lang='lat' dir='ltr'><strong>et</strong></span> <span class='ocrx_word' id='word_1_67' title='bbox 1466 773 1807 833; x_wconf 55' lang='lat' dir='ltr'><strong>disputationem.</strong></span> 
     </span>
     <span class='ocr_line' id='line_1_10' title="bbox 440 837 1809 899; baseline 0.004 -19"><span class='ocrx_word' id='word_1_68' title='bbox 440 837 655 882; x_wconf 88' lang='lat' dir='ltr'><strong>Dubitant</strong></span> <span class='ocrx_word' id='word_1_69' title='bbox 674 840 789 883; x_wconf 89' lang='lat' dir='ltr'><strong>enim</strong></span> <span class='ocrx_word' id='word_1_70' title='bbox 816 842 1006 899; x_wconf 86' lang='lat' dir='ltr'><strong>quidam,</strong></span> <span class='ocrx_word' id='word_1_71' title='bbox 1027 851 1226 886; x_wconf 88' lang='lat' dir='ltr'><strong>utrumne</strong></span> <span class='ocrx_word' id='word_1_72' title='bbox 1245 843 1608 896; x_wconf 82' lang='lat' dir='ltr'>detrimentosum,</span> <span class='ocrx_word' id='word_1_73' title='bbox 1627 841 1809 886; x_wconf 50' lang='lat' dir='ltr'><strong>umutile</strong></span> 
     </span>
     <span class='ocr_line' id='line_1_11' title="bbox 441 904 1807 968; baseline 0.004 -21"><span class='ocrx_word' id='word_1_74' title='bbox 441 904 505 957; x_wconf 88' lang='lat' dir='ltr'><strong>fit,</strong></span> <span class='ocrx_word' id='word_1_75' title='bbox 525 905 643 964; x_wconf 87' lang='lat' dir='ltr'><strong>leges</strong></span> <span class='ocrx_word' id='word_1_76' title='bbox 661 907 818 964; x_wconf 84' lang='lat' dir='ltr'><strong>patrias</strong></span> <span class='ocrx_word' id='word_1_77' title='bbox 848 914 1018 953; x_wconf 87' lang='lat' dir='ltr'><strong>movere</strong></span> <span class='ocrx_word' id='word_1_78' title='bbox 1035 918 1081 953; x_wconf 90' lang='lat' dir='ltr'><strong>et</strong></span> <span class='ocrx_word' id='word_1_79' title='bbox 1101 919 1281 963; x_wconf 85' lang='lat' dir='ltr'><strong>mutare,</strong></span> <span class='ocrx_word' id='word_1_80' title='bbox 1302 910 1330 953; x_wconf 84' lang='lat' dir='ltr'>fi</span> <span class='ocrx_word' id='word_1_81' title='bbox 1349 925 1436 968; x_wconf 85' lang='lat' dir='ltr'><strong>qua</strong></span> <span class='ocrx_word' id='word_1_82' title='bbox 1460 910 1515 957; x_wconf 74' lang='lat' dir='ltr'><strong>fit</strong></span> <span class='ocrx_word' id='word_1_83' title='bbox 1533 909 1807 956; x_wconf 62' lang='lat' dir='ltr'><strong>nliae‘tneliot.</strong></span> 
     </span>
     <span class='ocr_line' id='line_1_12' title="bbox 441 973 1806 1036; baseline 0.004 -21"><span class='ocrx_word' id='word_1_84' title='bbox 441 973 592 1031; x_wconf 87' lang='lat' dir='ltr'><strong>Itaque</strong></span> <span class='ocrx_word' id='word_1_85' title='bbox 612 988 696 1018; x_wconf 89' lang='lat' dir='ltr'><strong>non</strong></span> <span class='ocrx_word' id='word_1_86' title='bbox 717 976 775 1018; x_wconf 89' lang='lat' dir='ltr'><strong>est</strong></span> <span class='ocrx_word' id='word_1_87' title='bbox 794 975 918 1020; x_wconf 88' lang='lat' dir='ltr'><strong>facile</strong></span> <span class='ocrx_word' id='word_1_88' title='bbox 937 978 979 1021; x_wconf 91' lang='lat' dir='ltr'><strong>ei</strong></span> <span class='ocrx_word' id='word_1_89' title='bbox 997 978 1111 1035; x_wconf 82' lang='lat' dir='ltr'><strong>quod</strong></span> <span class='ocrx_word' id='word_1_90' title='bbox 1139 978 1301 1022; x_wconf 67' lang='lat' dir='ltr'><strong>distum</strong></span> <span class='ocrx_word' id='word_1_91' title='bbox 1321 978 1377 1021; x_wconf 86' lang='lat' dir='ltr'><strong>est</strong></span> <span class='ocrx_word' id='word_1_92' title='bbox 1396 977 1806 1036; x_wconf 14' lang='lat' dir='ltr'><strong>dewpeaen&#39;siniio&#39;de-</strong></span> 
     </span>
     <span class='ocr_line' id='line_1_13' title="bbox 440 1042 1807 1104; baseline 0.004 -18"><span class='ocrx_word' id='word_1_93' title='bbox 440 1042 666 1096; x_wconf 80' lang='lat' dir='ltr'><strong>cernendo,</strong></span> <span class='ocrx_word' id='word_1_94' title='bbox 684 1043 760 1101; x_wconf 86' lang='lat' dir='ltr'><strong>qui</strong></span> <span class='ocrx_word' id='word_1_95' title='bbox 788 1044 952 1104; x_wconf 89' lang='lat' dir='ltr'><strong>aliquid</strong></span> <span class='ocrx_word' id='word_1_96' title='bbox 970 1061 1023 1089; x_wconf 87' lang='lat' dir='ltr'><strong>ex</strong></span> <span class='ocrx_word' id='word_1_97' title='bbox 1041 1046 1116 1089; x_wconf 90' lang='lat' dir='ltr'><strong>usu</strong></span> <span class='ocrx_word' id='word_1_98' title='bbox 1144 1045 1328 1090; x_wconf 83' lang='lat' dir='ltr'><strong>civitatis</strong></span> <span class='ocrx_word' id='word_1_99' title='bbox 1355 1045 1807 1101; x_wconf 44' lang='lat' dir='ltr'><strong>invenes-inciastntifi</strong></span> 
     </span>
     <span class='ocr_line' id='line_1_14' title="bbox 439 1110 1806 1172; baseline 0.004 -20"><span class='ocrx_word' id='word_1_100' title='bbox 439 1116 484 1152; x_wconf 89' lang='lat' dir='ltr'><strong>et</strong></span> <span class='ocrx_word' id='word_1_101' title='bbox 501 1110 750 1164; x_wconf 85' lang='lat' dir='ltr'><strong>concedere,</strong></span> <span class='ocrx_word' id='word_1_102' title='bbox 770 1112 797 1155; x_wconf 87' lang='lat' dir='ltr'>fi</span> <span class='ocrx_word' id='word_1_103' title='bbox 819 1127 903 1156; x_wconf 91' lang='lat' dir='ltr'><strong>non</strong></span> <span class='ocrx_word' id='word_1_104' title='bbox 923 1114 1095 1172; x_wconf 87' lang='lat' dir='ltr'><strong>expedit</strong></span> <span class='ocrx_word' id='word_1_105' title='bbox 1118 1113 1362 1172; x_wconf 81' lang='lat' dir='ltr'><strong>reipublicae</strong></span> <span class='ocrx_word' id='word_1_106' title='bbox 1389 1113 1616 1172; x_wconf 59' lang='lat' dir='ltr'><strong>quicqmm</strong></span> <span class='ocrx_word' id='word_1_107' title='bbox 1639 1114 1806 1158; x_wconf 59' lang='lat' dir='ltr'><strong>&amp;rmu-</strong></span> 
     </span>
     <span class='ocr_line' id='line_1_15' title="bbox 439 1179 1804 1240; baseline 0.004 -20"><span class='ocrx_word' id='word_1_108' title='bbox 439 1187 544 1221; x_wconf 89' lang='lat' dir='ltr'><strong>tare.</strong></span> <span class='ocrx_word' id='word_1_109' title='bbox 603 1179 781 1223; x_wconf 84' lang='lat' dir='ltr'><strong>Evenire</strong></span> <span class='ocrx_word' id='word_1_110' title='bbox 799 1188 942 1224; x_wconf 88' lang='lat' dir='ltr'><strong>autem</strong></span> <span class='ocrx_word' id='word_1_111' title='bbox 963 1182 1094 1239; x_wconf 84' lang='lat' dir='ltr'><strong>potest</strong></span> <span class='ocrx_word' id='word_1_112' title='bbox 1113 1191 1163 1226; x_wconf 89' lang='lat' dir='ltr'><strong>ut</strong></span> <span class='ocrx_word' id='word_1_113' title='bbox 1181 1181 1312 1240; x_wconf 84' lang='lat' dir='ltr'>aliqui</span> <span class='ocrx_word' id='word_1_114' title='bbox 1332 1181 1533 1226; x_wconf 78' lang='lat' dir='ltr'><strong>suadeant</strong></span> <span class='ocrx_word' id='word_1_115' title='bbox 1559 1180 1629 1233; x_wconf 75' lang='lat' dir='ltr'><strong>vel</strong></span> <span class='ocrx_word' id='word_1_116' title='bbox 1652 1181 1804 1240; x_wconf 78' lang='lat' dir='ltr'><strong>legum</strong></span> 
     </span>
     <span class='ocr_line' id='line_1_16' title="bbox 437 1245 1867 1306; baseline 0.005 -19"><span class='ocrx_word' id='word_1_117' title='bbox 437 1245 772 1303; x_wconf 83' lang='lat' dir='ltr'><strong>abrogationem,</strong></span> <span class='ocrx_word' id='word_1_118' title='bbox 793 1247 858 1291; x_wconf 90' lang='lat' dir='ltr'><strong>vel</strong></span> <span class='ocrx_word' id='word_1_119' title='bbox 877 1248 1125 1306; x_wconf 79' lang='lat' dir='ltr'><strong>reipublicae</strong></span> <span class='ocrx_word' id='word_1_120' title='bbox 1145 1248 1481 1292; x_wconf 70' lang='lat' dir='ltr'><strong>administrandae</strong></span> <span class='ocrx_word' id='word_1_121' title='bbox 1509 1248 1674 1293; x_wconf 64' lang='grc' dir='ltr'>ίΐοιώώ</span> <span class='ocrx_word' id='word_1_122' title='bbox 1674 1249 1804 1294; x_wconf 58' lang='lat' dir='ltr'><strong>com·-</strong></span> <span class='ocrx_word' id='word_1_123' title='bbox 1864 1264 1867 1267; x_wconf 87' lang='lat'>·</span> 
     </span>
     <span class='ocr_line' id='line_1_17' title="bbox 438 1313 1804 1375; baseline 0.004 -20"><span class='ocrx_word' id='word_1_124' title='bbox 438 1313 736 1367; x_wconf 77' lang='lat' dir='ltr'><strong>mutationem,</strong></span> <span class='ocrx_word' id='word_1_125' title='bbox 766 1323 965 1374; x_wconf 85' lang='lat' dir='ltr'><strong>tanquam</strong></span> <span class='ocrx_word' id='word_1_126' title='bbox 995 1331 1223 1359; x_wconf 90' lang='lat' dir='ltr'><strong>commune</strong></span> <span class='ocrx_word' id='word_1_127' title='bbox 1251 1317 1428 1359; x_wconf 91' lang='lat' dir='ltr'><strong>bonum.</strong></span> <span class='ocrx_word' id='word_1_128' title='bbox 1489 1317 1581 1360; x_wconf 79' lang='lat' dir='ltr'><strong>Sed·</strong></span> <span class='ocrx_word' id='word_1_129' title='bbox 1601 1316 1804 1375; x_wconf 71' lang='lat' dir='ltr'><strong>qnoniam</strong></span> 
     </span>
     <span class='ocr_line' id='line_1_18' title="bbox 437 1379 1804 1442; baseline 0.005 -20"><span class='ocrx_word' id='word_1_130' title='bbox 437 1379 480 1422; x_wconf 91' lang='lat' dir='ltr'><strong>in</strong></span> <span class='ocrx_word' id='word_1_131' title='bbox 493 1380 615 1424; x_wconf 87' lang='lat' dir='ltr'><strong>hunc</strong></span> <span class='ocrx_word' id='word_1_132' title='bbox 633 1382 864 1426; x_wconf 82' lang='lat' dir='ltr'><strong>sermonem</strong></span> <span class='ocrx_word' id='word_1_133' title='bbox 894 1383 1137 1436; x_wconf 80' lang='lat' dir='ltr'><strong>incidimus,</strong></span> <span class='ocrx_word' id='word_1_134' title='bbox 1157 1384 1391 1441; x_wconf 68' lang='lat' dir='ltr'><strong>praestiterit</strong></span> <span class='ocrx_word' id='word_1_135' title='bbox 1407 1383 1535 1427; x_wconf 84' lang='lat' dir='ltr'><strong>etiam</strong></span> <span class='ocrx_word' id='word_1_136' title='bbox 1564 1398 1710 1442; x_wconf 79' lang='lat' dir='ltr'><strong>pauca</strong></span> <span class='ocrx_word' id='word_1_137' title='bbox 1709 1384 1804 1429; x_wconf 83' lang='lat' dir='ltr'><strong>hac</strong></span> 
     </span>
     <span class='ocr_line' id='line_1_19' title="bbox 380 1447 1804 1506; baseline 0.005 -17"><span class='ocrx_word' id='word_1_138' title='bbox 380 1479 381 1482; x_wconf 19' lang='grc' dir='ltr'>η</span> <span class='ocrx_word' id='word_1_139' title='bbox 431 1447 490 1490; x_wconf 88' lang='lat' dir='ltr'><strong>de</strong></span> <span class='ocrx_word' id='word_1_140' title='bbox 509 1463 553 1490; x_wconf 88' lang='lat' dir='ltr'><strong>re</strong></span> <span class='ocrx_word' id='word_1_141' title='bbox 572 1448 797 1506; x_wconf 82' lang='lat' dir='ltr'><strong>disputare.</strong></span> <span class='ocrx_word' id='word_1_142' title='bbox 856 1451 1000 1494; x_wconf 86' lang='lat' dir='ltr'><strong>Habet</strong></span> <span class='ocrx_word' id='word_1_143' title='bbox 1024 1450 1155 1504; x_wconf 90' lang='lat' dir='ltr'><strong>enim,</strong></span> <span class='ocrx_word' id='word_1_144' title='bbox 1175 1459 1225 1494; x_wconf 91' lang='lat' dir='ltr'><strong>ut</strong></span> <span class='ocrx_word' id='word_1_145' title='bbox 1252 1451 1453 1504; x_wconf 79' lang='lat' dir='ltr'><strong>diximus,</strong></span> <span class='ocrx_word' id='word_1_146' title='bbox 1475 1451 1804 1496; x_wconf 55' lang='lat' dir='ltr'><strong>dubitationem.</strong></span> 
     </span>
     <span class='ocr_line' id='line_1_20' title="bbox 430 1515 1802 1565; baseline 0.005 -8"><span class='ocrx_word' id='word_1_147' title='bbox 430 1516 492 1558; x_wconf 86' lang='lat' dir='ltr'><strong>Et</strong></span> <span class='ocrx_word' id='word_1_148' title='bbox 520 1515 711 1560; x_wconf 86' lang='lat' dir='ltr'><strong>videatur</strong></span> <span class='ocrx_word' id='word_1_149' title='bbox 741 1518 835 1561; x_wconf 88' lang='lat' dir='ltr'><strong>sane</strong></span> <span class='ocrx_word' id='word_1_150' title='bbox 866 1518 992 1562; x_wconf 86' lang='lat' dir='ltr'><strong>satius</strong></span> <span class='ocrx_word' id='word_1_151' title='bbox 1026 1519 1106 1562; x_wconf 84' lang='lat' dir='ltr'><strong>effe</strong></span> <span class='ocrx_word' id='word_1_152' title='bbox 1139 1529 1418 1563; x_wconf 83' lang='lat' dir='ltr'><strong>commutare.</strong></span> <span class='ocrx_word' id='word_1_153' title='bbox 1478 1521 1528 1563; x_wconf 82' lang='lat' dir='ltr'><strong>In</strong></span> <span class='ocrx_word' id='word_1_154' title='bbox 1559 1519 1802 1565; x_wconf 58' lang='lat' dir='ltr'><strong>aliivenim</strong></span> 
     </span>
     <span class='ocr_line' id='line_1_21' title="bbox 434 1583 1802 1646; baseline 0.004 -21"><span class='ocrx_word' id='word_1_155' title='bbox 434 1583 618 1627; x_wconf 86' lang='lat' dir='ltr'><strong>scientiis</strong></span> <span class='ocrx_word' id='word_1_156' title='bbox 636 1584 721 1629; x_wconf 91' lang='lat' dir='ltr'><strong>hoc</strong></span> <span class='ocrx_word' id='word_1_157' title='bbox 739 1585 920 1643; x_wconf 86' lang='lat' dir='ltr'><strong>profuit:</strong></span> <span class='ocrx_word' id='word_1_158' title='bbox 952 1595 1002 1629; x_wconf 89' lang='lat' dir='ltr'><strong>ut</strong></span> <span class='ocrx_word' id='word_1_159' title='bbox 1019 1586 1231 1630; x_wconf 84' lang='lat' dir='ltr'><strong>medicina</strong></span> <span class='ocrx_word' id='word_1_160' title='bbox 1250 1595 1511 1638; x_wconf 85' lang='lat' dir='ltr'><strong>commutata</strong></span> <span class='ocrx_word' id='word_1_161' title='bbox 1527 1587 1718 1646; x_wconf 55' lang='lat' dir='ltr'><strong>&amp;patriis</strong></span> <span class='ocrx_word' id='word_1_162' title='bbox 1732 1587 1802 1630; x_wconf 69' lang='lat' dir='ltr'><strong>ina-</strong></span> 
     </span>
     <span class='ocr_line' id='line_1_22' title="bbox 434 1651 1801 1714; baseline 0.005 -21"><span class='ocrx_word' id='word_1_163' title='bbox 434 1651 602 1704; x_wconf 73' lang='lat' dir='ltr'><strong>stitu&#39;tis‚</strong></span> <span class='ocrx_word' id='word_1_164' title='bbox 631 1661 675 1696; x_wconf 90' lang='lat' dir='ltr'><strong>et</strong></span> <span class='ocrx_word' id='word_1_165' title='bbox 705 1666 771 1697; x_wconf 84' lang='lat' dir='ltr'><strong>ars</strong></span> <span class='ocrx_word' id='word_1_166' title='bbox 800 1668 1027 1712; x_wconf 85' lang='lat' dir='ltr'><strong>corporum</strong></span> <span class='ocrx_word' id='word_1_167' title='bbox 1057 1654 1403 1707; x_wconf 87' lang='lat' dir='ltr'><strong>exercendorum,</strong></span> <span class='ocrx_word' id='word_1_168' title='bbox 1424 1657 1558 1713; x_wconf 78' lang='lat' dir='ltr'><strong>quam</strong></span> <span class='ocrx_word' id='word_1_169' title='bbox 1566 1655 1801 1714; x_wconf 67' lang='lat' dir='ltr'><strong>›gymnasti-</strong></span> 
     </span>
     <span class='ocr_line' id='line_1_23' title="bbox 431 1721 1802 1781; baseline 0.003 -18"><span class='ocrx_word' id='word_1_170' title='bbox 431 1724 526 1763; x_wconf 86' lang='lat' dir='ltr'><strong>cam</strong></span> <span class='ocrx_word' id='word_1_171' title='bbox 557 1721 699 1764; x_wconf 82' lang='lat' dir='ltr'><strong>Graeci</strong></span> <span class='ocrx_word' id='word_1_172' title='bbox 726 1721 954 1780; x_wconf 88' lang='lat' dir='ltr'><strong>appellant,</strong></span> <span class='ocrx_word' id='word_1_173' title='bbox 975 1735 1125 1766; x_wconf 86' lang='lat' dir='ltr'><strong>omnes</strong></span> <span class='ocrx_word' id='word_1_174' title='bbox 1155 1722 1339 1781; x_wconf 91' lang='lat' dir='ltr'><strong>denique</strong></span> <span class='ocrx_word' id='word_1_175' title='bbox 1365 1731 1477 1766; x_wconf 81' lang='lat' dir='ltr'><strong>artes</strong></span> <span class='ocrx_word' id='word_1_176' title='bbox 1493 1722 1549 1768; x_wconf 64' lang='lat' dir='ltr'><strong>vet</strong></span> <span class='ocrx_word' id='word_1_177' title='bbox 1564 1722 1802 1772; x_wconf 54' lang='lat' dir='ltr'><strong>facultates</strong></span> 
     </span>
     <span class='ocr_line' id='line_1_24' title="bbox 432 1790 1803 1848; baseline 0.003 -17"><span class='ocrx_word' id='word_1_178' title='bbox 432 1797 609 1832; x_wconf 85' lang='lat' dir='ltr'><strong>mutatae</strong></span> <span class='ocrx_word' id='word_1_179' title='bbox 628 1804 805 1848; x_wconf 84' lang='lat' dir='ltr'><strong>magnas</strong></span> <span class='ocrx_word' id='word_1_180' title='bbox 824 1791 948 1834; x_wconf 85' lang='lat' dir='ltr'><strong>rebus</strong></span> <span class='ocrx_word' id='word_1_181' title='bbox 967 1790 1149 1848; x_wconf 89' lang='lat' dir='ltr'><strong>publicis</strong></span> <span class='ocrx_word' id='word_1_182' title='bbox 1167 1790 1374 1834; x_wconf 81' lang='lat' dir='ltr'><strong>utilitates</strong></span> <span class='ocrx_word' id='word_1_183' title='bbox 1391 1791 1629 1836; x_wconf 81' lang='lat' dir='ltr'><strong>attulerint.</strong></span> <span class='ocrx_word' id='word_1_184' title='bbox 1650 1792 1803 1839; x_wconf 50' lang='lat' dir='ltr'><strong>’Quare</strong></span> 
     </span>
     <span class='ocr_line' id='line_1_25' title="bbox 431 1857 1802 1915; baseline 0.002 -16"><span class='ocrx_word' id='word_1_185' title='bbox 431 1857 635 1913; x_wconf 89' lang='lat' dir='ltr'><strong>quoniam</strong></span> <span class='ocrx_word' id='word_1_186' title='bbox 655 1866 700 1901; x_wconf 92' lang='lat' dir='ltr'><strong>et</strong></span> <span class='ocrx_word' id='word_1_187' title='bbox 716 1857 852 1901; x_wconf 85' lang='lat' dir='ltr'><strong>civilis</strong></span> <span class='ocrx_word' id='word_1_188' title='bbox 869 1858 1094 1915; x_wconf 87' lang='lat' dir='ltr'><strong>prudentia</strong></span> <span class='ocrx_word' id='word_1_189' title='bbox 1120 1858 1164 1900; x_wconf 92' lang='lat' dir='ltr'><strong>in</strong></span> <span class='ocrx_word' id='word_1_190' title='bbox 1196 1858 1268 1901; x_wconf 84' lang='lat' dir='ltr'><strong>his</strong></span> <span class='ocrx_word' id='word_1_191' title='bbox 1297 1858 1560 1902; x_wconf 80' lang='lat' dir='ltr'><strong>numeranda</strong></span> <span class='ocrx_word' id='word_1_192' title='bbox 1582 1858 1659 1913; x_wconf 71' lang='lat' dir='ltr'><strong>est,</strong></span> <span class='ocrx_word' id='word_1_193' title='bbox 1673 1857 1802 1903; x_wconf 74' lang='lat' dir='ltr'><strong>uimi-</strong></span> 
     </span>
     <span class='ocr_line' id='line_1_26' title="bbox 431 1924 1802 1984; baseline 0.002 -17"><span class='ocrx_word' id='word_1_194' title='bbox 431 1938 527 1967; x_wconf 87' lang='lat' dir='ltr'><strong>rum</strong></span> <span class='ocrx_word' id='word_1_195' title='bbox 545 1924 600 1967; x_wconf 91' lang='lat' dir='ltr'><strong>de</strong></span> <span class='ocrx_word' id='word_1_196' title='bbox 617 1939 668 1968; x_wconf 88' lang='lat' dir='ltr'><strong>ea</strong></span> <span class='ocrx_word' id='word_1_197' title='bbox 686 1939 859 1984; x_wconf 90' lang='lat' dir='ltr'><strong>quoque</strong></span> <span class='ocrx_word' id='word_1_198' title='bbox 887 1925 1108 1968; x_wconf 83' lang='lat' dir='ltr'><strong>neceffario</strong></span> <span class='ocrx_word' id='word_1_199' title='bbox 1139 1925 1254 1969; x_wconf 88' lang='lat' dir='ltr'><strong>idem</strong></span> <span class='ocrx_word' id='word_1_200' title='bbox 1282 1926 1341 1969; x_wconf 88' lang='lat' dir='ltr'><strong>est</strong></span> <span class='ocrx_word' id='word_1_201' title='bbox 1374 1926 1658 1971; x_wconf 83' lang='lat' dir='ltr'><strong>sentiendum.</strong></span> <span class='ocrx_word' id='word_1_202' title='bbox 1688 1950 1691 1962; x_wconf 86' lang='lat'><strong>›</strong></span> <span class='ocrx_word' id='word_1_203' title='bbox 1716 1927 1802 1970; x_wconf 77' lang='lat' dir='ltr'><strong>Ar-</strong></span> 
     </span>
     <span class='ocr_line' id='line_1_27' title="bbox 430 1993 1796 2052; baseline 0.002 -17"><span class='ocrx_word' id='word_1_204' title='bbox 430 2001 690 2049; x_wconf 89' lang='lat' dir='ltr'><strong>gumentum</strong></span> <span class='ocrx_word' id='word_1_205' title='bbox 719 2008 868 2037; x_wconf 90' lang='lat' dir='ltr'><strong>eorum</strong></span> <span class='ocrx_word' id='word_1_206' title='bbox 897 2009 995 2052; x_wconf 85' lang='lat' dir='ltr'><strong>quae</strong></span> <span class='ocrx_word' id='word_1_207' title='bbox 1023 1993 1220 2048; x_wconf 76' lang='lat' dir='ltr'><strong>dicimus,</strong></span> <span class='ocrx_word' id='word_1_208' title='bbox 1241 2009 1295 2038; x_wconf 83' lang='lat' dir='ltr'><strong>ex</strong></span> <span class='ocrx_word' id='word_1_209' title='bbox 1317 1994 1438 2041; x_wconf 58' lang='lat' dir='ltr'>fastis</span> <span class='ocrx_word' id='word_1_210' title='bbox 1470 2003 1516 2038; x_wconf 90' lang='lat' dir='ltr'><strong>et</strong></span> <span class='ocrx_word' id='word_1_211' title='bbox 1542 1994 1709 2039; x_wconf 63' lang='lat' dir='ltr'><strong>eventia⁴</strong></span> <span class='ocrx_word' id='word_1_212' title='bbox 1731 1995 1796 2038; x_wconf 86' lang='lat' dir='ltr'><strong>su·</strong></span> 
     </span>
     <span class='ocr_line' id='line_1_28' title="bbox 430 2062 1804 2121; baseline 0.003 -19"><span class='ocrx_word' id='word_1_213' title='bbox 430 2076 548 2104; x_wconf 86' lang='lat' dir='ltr'><strong>mere</strong></span> <span class='ocrx_word' id='word_1_214' title='bbox 565 2063 687 2119; x_wconf 88' lang='lat' dir='ltr'><strong>poffit</strong></span> <span class='ocrx_word' id='word_1_215' title='bbox 705 2062 876 2120; x_wconf 88' lang='lat' dir='ltr'><strong>aliquis.</strong></span> <span class='ocrx_word' id='word_1_216' title='bbox 906 2073 909 2077; x_wconf 84' lang='lat'>&#39;</span> <span class='ocrx_word' id='word_1_217' title='bbox 933 2064 1074 2121; x_wconf 86' lang='lat' dir='ltr'><strong>Leges</strong></span> <span class='ocrx_word' id='word_1_218' title='bbox 1092 2063 1205 2105; x_wconf 88' lang='lat' dir='ltr'><strong>enim</strong></span> <span class='ocrx_word' id='word_1_219' title='bbox 1225 2063 1419 2120; x_wconf 85' lang='lat' dir='ltr'><strong>antiquas</strong></span> <span class='ocrx_word' id='word_1_220' title='bbox 1447 2062 1568 2107; x_wconf 88' lang='lat' dir='ltr'><strong>valde</strong></span> <span class='ocrx_word' id='word_1_221' title='bbox 1595 2062 1804 2121; x_wconf 71' lang='lat' dir='ltr'><strong>(implices</strong></span> 
     </span>
     <span class='ocr_line' id='line_1_29' title="bbox 428 2129 1802 2189; baseline 0.003 -19"><span class='ocrx_word' id='word_1_222' title='bbox 428 2129 527 2182; x_wconf 81' lang='lat' dir='ltr'><strong>effe,</strong></span> <span class='ocrx_word' id='word_1_223' title='bbox 562 2139 607 2172; x_wconf 86' lang='lat' dir='ltr'><strong>et</strong></span> <span class='ocrx_word' id='word_1_224' title='bbox 639 2130 893 2174; x_wconf 89' lang='lat' dir='ltr'><strong>barbaricas.</strong></span> <span class='ocrx_word' id='word_1_225' title='bbox 950 2132 1065 2174; x_wconf 89' lang='lat' dir='ltr'><strong>Nam</strong></span> <span class='ocrx_word' id='word_1_226' title='bbox 1096 2140 1139 2173; x_wconf 93' lang='lat' dir='ltr'><strong>et</strong></span> <span class='ocrx_word' id='word_1_227' title='bbox 1169 2131 1334 2188; x_wconf 87' lang='lat' dir='ltr'><strong>gladios</strong></span> <span class='ocrx_word' id='word_1_228' title='bbox 1366 2132 1540 2189; x_wconf 78' lang='lat' dir='ltr'><strong>gestare,</strong></span> <span class='ocrx_word' id='word_1_229' title='bbox 1573 2132 1619 2174; x_wconf 85' lang='lat' dir='ltr'><strong>et</strong></span> <span class='ocrx_word' id='word_1_230' title='bbox 1648 2130 1802 2174; x_wconf 76' lang='lat' dir='ltr'><strong>uxores</strong></span> 
     </span>
     <span class='ocr_line' id='line_1_30' title="bbox 429 2198 1803 2258; baseline 0.001 -17"><span class='ocrx_word' id='word_1_231' title='bbox 429 2198 536 2241; x_wconf 88' lang='lat' dir='ltr'><strong>alter</strong></span> <span class='ocrx_word' id='word_1_232' title='bbox 553 2198 607 2241; x_wconf 90' lang='lat' dir='ltr'><strong>ab</strong></span> <span class='ocrx_word' id='word_1_233' title='bbox 626 2199 760 2242; x_wconf 87' lang='lat' dir='ltr'><strong>altero</strong></span> <span class='ocrx_word' id='word_1_234' title='bbox 780 2213 918 2242; x_wconf 90' lang='lat' dir='ltr'><strong>emere</strong></span> <span class='ocrx_word' id='word_1_235' title='bbox 940 2198 1081 2242; x_wconf 89' lang='lat' dir='ltr'><strong>Graeci</strong></span> <span class='ocrx_word' id='word_1_236' title='bbox 1108 2198 1323 2243; x_wconf 88' lang='lat' dir='ltr'><strong>solebant.</strong></span> <span class='ocrx_word' id='word_1_237' title='bbox 1352 2198 1599 2257; x_wconf 80' lang='lat' dir='ltr'><strong>reliquaque</strong></span> <span class='ocrx_word' id='word_1_238' title='bbox 1626 2200 1803 2258; x_wconf 87' lang='lat' dir='ltr'><strong>antiqua</strong></span> 
     </span>
     <span class='ocr_line' id='line_1_31' title="bbox 428 2265 1802 2327; baseline 0.001 -19"><span class='ocrx_word' id='word_1_239' title='bbox 428 2265 632 2316; x_wconf 84' lang='lat' dir='ltr'><strong>instituta,</strong></span> <span class='ocrx_word' id='word_1_240' title='bbox 651 2266 798 2309; x_wconf 89' lang='lat' dir='ltr'><strong>stolida</strong></span> <span class='ocrx_word' id='word_1_241' title='bbox 827 2266 990 2324; x_wconf 88' lang='lat' dir='ltr'><strong>prorsus</strong></span> <span class='ocrx_word' id='word_1_242' title='bbox 1020 2276 1065 2310; x_wconf 89' lang='lat' dir='ltr'><strong>et</strong></span> <span class='ocrx_word' id='word_1_243' title='bbox 1094 2267 1217 2310; x_wconf 87' lang='lat' dir='ltr'><strong>stulta</strong></span> <span class='ocrx_word' id='word_1_244' title='bbox 1250 2267 1375 2310; x_wconf 84' lang='lat' dir='ltr'><strong>sunt.</strong></span> <span class='ocrx_word' id='word_1_245' title='bbox 1407 2266 1532 2310; x_wconf 79' lang='lat' dir='ltr'><strong>verbi</strong></span> <span class='ocrx_word' id='word_1_246' title='bbox 1553 2267 1704 2327; x_wconf 99' lang='grc' dir='ltr'><strong>9ιὶᾒῇ</strong></span> <span class='ocrx_word' id='word_1_247' title='bbox 1733 2268 1802 2310; x_wconf 88' lang='lat' dir='ltr'><strong>lex</strong></span> 
     </span>
     <span class='ocr_line' id='line_1_32' title="bbox 427 2333 1798 2393; baseline 0.001 -17"><span class='ocrx_word' id='word_1_248' title='bbox 427 2334 487 2376; x_wconf 84' lang='lat' dir='ltr'><strong>est</strong></span> <span class='ocrx_word' id='word_1_249' title='bbox 507 2334 657 2378; x_wconf 82' lang='lat' dir='ltr'><strong>Cumis</strong></span> <span class='ocrx_word' id='word_1_250' title='bbox 677 2334 760 2377; x_wconf 83' lang='lat' dir='ltr'><strong>de‘</strong></span> <span class='ocrx_word' id='word_1_251' title='bbox 750 2334 802 2376; x_wconf 77' lang='lat' dir='ltr'><strong>iis</strong></span> <span class='ocrx_word' id='word_1_252' title='bbox 821 2349 917 2392; x_wconf 89' lang='lat' dir='ltr'><strong>quae</strong></span> <span class='ocrx_word' id='word_1_253' title='bbox 935 2334 990 2377; x_wconf 88' lang='lat' dir='ltr'><strong>ad</strong></span> <span class='ocrx_word' id='word_1_254' title='bbox 1009 2333 1169 2377; x_wconf 88' lang='lat' dir='ltr'><strong>caedem</strong></span> <span class='ocrx_word' id='word_1_255' title='bbox 1198 2334 1426 2392; x_wconf 83' lang='lat' dir='ltr'><strong>pertinent,</strong></span> <span class='ocrx_word' id='word_1_256' title='bbox 1449 2335 1474 2376; x_wconf 86' lang='lat' dir='ltr'>fi</span> <span class='ocrx_word' id='word_1_257' title='bbox 1504 2334 1601 2393; x_wconf 75' lang='lat' dir='ltr'><strong>quis</strong></span> <span class='ocrx_word' id='word_1_258' title='bbox 1630 2334 1798 2378; x_wconf 78' lang='lat' dir='ltr'><strong>accusa·</strong></span> 
     </span>
     <span class='ocr_line' id='line_1_33' title="bbox 428 2401 1800 2460; baseline 0.001 -17"><span class='ocrx_word' id='word_1_259' title='bbox 428 2410 496 2444; x_wconf 85' lang='lat' dir='ltr'><strong>tor</strong></span> <span class='ocrx_word' id='word_1_260' title='bbox 514 2402 696 2459; x_wconf 87' lang='lat' dir='ltr'><strong>aliquem</strong></span> <span class='ocrx_word' id='word_1_261' title='bbox 719 2401 887 2444; x_wconf 87' lang='lat' dir='ltr'><strong>testium</strong></span> <span class='ocrx_word' id='word_1_262' title='bbox 907 2414 1131 2445; x_wconf 87' lang='lat' dir='ltr'><strong>numerum</strong></span> <span class='ocrx_word' id='word_1_263' title='bbox 1161 2401 1421 2460; x_wconf 83' lang='lat' dir='ltr'><strong>produxerit,</strong></span> <span class='ocrx_word' id='word_1_264' title='bbox 1439 2402 1515 2459; x_wconf 87' lang='lat' dir='ltr'><strong>qui</strong></span> <span class='ocrx_word' id='word_1_265' title='bbox 1536 2402 1609 2445; x_wconf 82' lang='lat' dir='ltr'><strong>fibi</strong></span> <span class='ocrx_word' id='word_1_266' title='bbox 1627 2402 1800 2460; x_wconf 79' lang='lat' dir='ltr'><strong>cognati</strong></span> 
     </span>
     <span class='ocr_line' id='line_1_34' title="bbox 345 2464 1798 2526; baseline 0.001 -16"><span class='ocrx_word' id='word_1_267' title='bbox 345 2464 414 2517; x_wconf 79' lang='lat'><strong>62</strong></span> <span class='ocrx_word' id='word_1_268' title='bbox 430 2469 522 2522; x_wconf 77' lang='lat' dir='ltr'><strong>(int,</strong></span> <span class='ocrx_word' id='word_1_269' title='bbox 544 2484 664 2512; x_wconf 80' lang='lat' dir='ltr'><strong>reum</strong></span> <span class='ocrx_word' id='word_1_270' title='bbox 684 2469 812 2512; x_wconf 82' lang='lat' dir='ltr'><strong>caedis</strong></span> <span class='ocrx_word' id='word_1_271' title='bbox 832 2484 955 2526; x_wconf 90' lang='lat' dir='ltr'><strong>poena</strong></span> <span class='ocrx_word' id='word_1_272' title='bbox 983 2468 1133 2512; x_wconf 82' lang='lat' dir='ltr'><strong>teneri.</strong></span> <span class='ocrx_word' id='word_1_273' title='bbox 1192 2470 1398 2512; x_wconf 86' lang='lat' dir='ltr'><strong>Praeterea</strong></span> <span class='ocrx_word' id='word_1_274' title='bbox 1425 2478 1623 2526; x_wconf 84' lang='lat' dir='ltr'><strong>quaerunt</strong></span> <span class='ocrx_word' id='word_1_275' title='bbox 1648 2484 1798 2512; x_wconf 83' lang='lat' dir='ltr'><strong>omnes</strong></span> 
     </span>
     <span class='ocr_line' id='line_1_35' title="bbox 428 2537 1799 2595; baseline 0.001 -16"><span class='ocrx_word' id='word_1_276' title='bbox 428 2552 514 2579; x_wconf 89' lang='lat' dir='ltr'><strong>non</strong></span> <span class='ocrx_word' id='word_1_277' title='bbox 546 2537 662 2594; x_wconf 87' lang='lat' dir='ltr'><strong>quod</strong></span> <span class='ocrx_word' id='word_1_278' title='bbox 692 2538 748 2579; x_wconf 88' lang='lat' dir='ltr'><strong>est</strong></span> <span class='ocrx_word' id='word_1_279' title='bbox 779 2538 979 2595; x_wconf 82' lang='lat' dir='ltr'><strong>patrium,</strong></span> <span class='ocrx_word' id='word_1_280' title='bbox 1010 2537 1082 2580; x_wconf 83' lang='lat' dir='ltr'><strong>sed</strong></span> <span class='ocrx_word' id='word_1_281' title='bbox 1111 2537 1228 2595; x_wconf 88' lang='lat' dir='ltr'><strong>quod</strong></span> <span class='ocrx_word' id='word_1_282' title='bbox 1257 2538 1434 2580; x_wconf 84' lang='lat' dir='ltr'><strong>bonum.</strong></span> <span class='ocrx_word' id='word_1_283' title='bbox 1493 2539 1550 2580; x_wconf 91' lang='lat' dir='ltr'><strong>Et</strong></span> <span class='ocrx_word' id='word_1_284' title='bbox 1579 2537 1799 2580; x_wconf 69' lang='lat' dir='ltr'><strong>ve&#39;rifimile</strong></span> 
     </span>
     <span class='ocr_line' id='line_1_36' title="bbox 426 2604 1798 2662; baseline -0.001 -14"><span class='ocrx_word' id='word_1_285' title='bbox 426 2605 500 2657; x_wconf 87' lang='lat' dir='ltr'><strong>est,</strong></span> <span class='ocrx_word' id='word_1_286' title='bbox 539 2605 697 2662; x_wconf 84' lang='lat' dir='ltr'><strong>primos</strong></span> <span class='ocrx_word' id='word_1_287' title='bbox 727 2604 824 2648; x_wconf 85' lang='lat' dir='ltr'><strong>illos</strong></span> <span class='ocrx_word' id='word_1_288' title='bbox 862 2605 1076 2657; x_wconf 87' lang='lat' dir='ltr'><strong>homines,</strong></span> <span class='ocrx_word' id='word_1_289' title='bbox 1111 2605 1190 2647; x_wconf 87' lang='lat' dir='ltr'><strong>five</strong></span> <span class='ocrx_word' id='word_1_290' title='bbox 1225 2613 1346 2647; x_wconf 81' lang='lat' dir='ltr'><strong>terrae</strong></span> <span class='ocrx_word' id='word_1_291' title='bbox 1384 2605 1458 2647; x_wconf 88' lang='lat' dir='ltr'><strong>filii</strong></span> <span class='ocrx_word' id='word_1_292' title='bbox 1493 2614 1537 2648; x_wconf 91' lang='lat' dir='ltr'><strong>et</strong></span> <span class='ocrx_word' id='word_1_293' title='bbox 1574 2605 1798 2662; x_wconf 73' lang='lat' dir='ltr'><strong>terri-genae</strong></span> 
     </span>
     <span class='ocr_line' id='line_1_37' title="bbox 424 2672 1797 2732; baseline 0.001 -17"><span class='ocrx_word' id='word_1_294' title='bbox 424 2682 558 2726; x_wconf 86' lang='lat' dir='ltr'><strong>erant,</strong></span> <span class='ocrx_word' id='word_1_295' title='bbox 580 2673 660 2715; x_wconf 88' lang='lat' dir='ltr'><strong>five</strong></span> <span class='ocrx_word' id='word_1_296' title='bbox 677 2688 728 2715; x_wconf 86' lang='lat' dir='ltr'><strong>ex</strong></span> <span class='ocrx_word' id='word_1_297' title='bbox 747 2672 987 2716; x_wconf 87' lang='lat' dir='ltr'><strong>calamitate</strong></span> <span class='ocrx_word' id='word_1_298' title='bbox 1005 2682 1048 2716; x_wconf 90' lang='lat' dir='ltr'><strong>et</strong></span> <span class='ocrx_word' id='word_1_299' title='bbox 1067 2673 1309 2716; x_wconf 80' lang='lat' dir='ltr'><strong>interitione</strong></span> <span class='ocrx_word' id='word_1_300' title='bbox 1335 2674 1476 2732; x_wconf 86' lang='lat' dir='ltr'><strong>aliqua</strong></span> <span class='ocrx_word' id='word_1_301' title='bbox 1495 2673 1597 2716; x_wconf 71' lang='lat' dir='ltr'><strong>salvi·</strong></span> <span class='ocrx_word' id='word_1_302' title='bbox 1611 2684 1658 2716; x_wconf 88' lang='lat' dir='ltr'><strong>et</strong></span> <span class='ocrx_word' id='word_1_303' title='bbox 1674 2675 1797 2716; x_wconf 90' lang='lat' dir='ltr'><strong>inco-</strong></span> 
     </span>
     <span class='ocr_line' id='line_1_38' title="bbox 421 2741 1794 2800; baseline 0.001 -17"><span class='ocrx_word' id='word_1_304' title='bbox 421 2741 559 2784; x_wconf 87' lang='lat' dir='ltr'><strong>lumes</strong></span> <span class='ocrx_word' id='word_1_305' title='bbox 579 2741 805 2794; x_wconf 89' lang='lat' dir='ltr'><strong>evaserant,</strong></span> <span class='ocrx_word' id='word_1_306' title='bbox 827 2741 979 2783; x_wconf 86' lang='lat' dir='ltr'><strong>fimiles</strong></span> <span class='ocrx_word' id='word_1_307' title='bbox 1007 2741 1124 2783; x_wconf 82' lang='lat' dir='ltr'><strong>fuiffe</strong></span> <span class='ocrx_word' id='word_1_308' title='bbox 1153 2741 1393 2794; x_wconf 82' lang='lat' dir='ltr'><strong>hominum,</strong></span> <span class='ocrx_word' id='word_1_309' title='bbox 1411 2742 1487 2799; x_wconf 86' lang='lat' dir='ltr'><strong>qui</strong></span> <span class='ocrx_word' id='word_1_310' title='bbox 1516 2741 1652 2800; x_wconf 85' lang='lat' dir='ltr'><strong>vulgo·</strong></span> <span class='ocrx_word' id='word_1_311' title='bbox 1676 2742 1794 2784; x_wconf 85' lang='lat' dir='ltr'><strong>casu-</strong></span> 
     </span>
     <span class='ocr_line' id='line_1_39' title="bbox 423 2808 1798 2868; baseline 0 -16"><span class='ocrx_word' id='word_1_312' title='bbox 423 2823 508 2867; x_wconf 89' lang='lat' dir='ltr'><strong>que</strong></span> <span class='ocrx_word' id='word_1_313' title='bbox 528 2809 650 2853; x_wconf 86' lang='lat' dir='ltr'><strong>nobis</strong></span> <span class='ocrx_word' id='word_1_314' title='bbox 670 2818 914 2864; x_wconf 86' lang='lat' dir='ltr'><strong>occurrunt,</strong></span> <span class='ocrx_word' id='word_1_315' title='bbox 935 2818 979 2853; x_wconf 91' lang='lat' dir='ltr'><strong>et</strong></span> <span class='ocrx_word' id='word_1_316' title='bbox 995 2809 1277 2868; x_wconf 70' lang='lat' dir='ltr'><strong>insipientium</strong></span> <span class='ocrx_word' id='word_1_317' title='bbox 1299 2824 1348 2854; x_wconf 89' lang='lat' dir='ltr'><strong>ac</strong></span> <span class='ocrx_word' id='word_1_318' title='bbox 1369 2808 1617 2854; x_wconf 68' lang='lat' dir='ltr'><strong>stulterumt</strong></span> <span class='ocrx_word' id='word_1_319' title='bbox 1648 2824 1798 2868; x_wconf 86' lang='lat' dir='ltr'><strong>quem-</strong></span> 
     </span>
    </p>
   </div>
  </div>
 </body>
</html>
