1942 3320
3 1537 29 1664 ''inii-4*
6 1503 9 1511 ”
10 1460 14 1468 ’
7 1399 14 1418 ““

457 176 553 220 DE
596 168 1196 229 REPUBL11·cA-11.4.
1440 179 1522 227 417

143 299 397 358 ffltque
426 297 755 357 abjefflffimos.
784 297 925 340 multo
957 295 1096 352 magis
1121 294 1232 352 apud
1254 293 1464 337 animesos
1483 301 1528 336 et

140 362 390 413 mih-³
405 366 532 408 viros.
591 365 768 409 Neceffe
801 374 945 408 autem
975 360 1072 415 effe,
1097 369 1196 405 'eum
1227 371 1453 420 perpetuos
1483 371 1533 405 et

143 420 308 494 unp&
325 434 493 478 eosdem
514 433 664 499 ¹facere
694 434 979 492 magistratuS,
1000 432 1265 511 perspicuum
1291 431 1386 475 est..
1423 432 1528 474 Non

144 489 270 549 &iffi
264 515 398 547 nunc
417 504 588 556 horum,
605 505 730 545 nunc‘
745 502 920 545 illorum
945 501 1097 544 animis
1127 500 1351 543 admistum
1373 501 1429 541 est
1449 515 1528 542 au·-

143 574 257 616 mur
270 572 381 615 illud
407 571 630 615 divinum.
662 571 733 614 sed
759 560 924 629 semper
952 570 1200 613 eorundem.
1263 568 1339 610 Ait
1367 577 1529 622 autem,

144 639 289 684 Deum
313 640 406 683 aliis
437 640 572 683 statim
593 639 861 682 nascentibus
881 653 1030 682 aurum
1052 635 1326 687 admiscuisse,
1347 636 1441 678 aliis
1464 651 1530 678 ar-

145 717 326 768 gentum
348 725 360 751 ε
390 724 448 752 aes
478 717 620 752 autem
654 718 700 751 et
727 707 919 751 ferrum
910 707 962 749 ιί3
987 706 1060 764 qui
1082 705 1214 748 futuri
1235 705 1330 748 sunt
1349 704 1531 747 artifices

146 784 193 820 et
209 776 446 836 agricola&
487 778 693 820 Praeterea
710 791 809 819 vero
829 791 929 818 cum
953 774 1261 817 beatitudinem
1292 772 1532 815 custodibus

144 844 323 899 adunat,
353 846 412 889 ait
439 845 621 889 latorem
652 845 762 904 legis
783 853 919 888 totam
941 844 1156 887 civitatem
1176 842 1342 886 efficere
1362 843 1532 885 beatam

147 919 359 972 oportere.
404 914 556 972 >Atqui
577 914 666 957 fieri
687 929 771 956 non
793 914 994 971 potestut
1013 920 1103 955 tota
1129 912 1278 955 civitas
1311 911 1373 954 fit,
1390 912 1531 964 beata,

147 982 328 1028 niffaut
359 983 548 1042 plurimi,
581 991 656 1026 aut
688 997 855 1035 omnes,
889 991 961 1024 aut
993 981 1189 1024 nonnulli
1221 980 1532 1024 beatitudinem

147 1050 477 1096 flnt³eonsecuti.
534 1051 636 1094 Non
669 1051 784 1093 enim
817 1050 1050 1094 eorundem
1070 1051 1127 1110 est
1148 1051 1273 1092 beata
1297 1049 1398 1101 vita,
1420 1063 1530 1106 quo-

123 1119 246 1163 ¹rum
282 1134 486 1163 numerus
522 1134 612 1178 par.
672 1119 937 1177 Contingere
974 1119 1091 1161 enim
1129 1119 1265 1176 potest
1302 1126 1352 1160 ut
1391 1117 1611 1168 totum47

151 1187 327 1246 quidem
357 1188 545 1249 aliquod,
577 1188 626 1231 fit
656 1202 860 1231 numerus
889 1203 988 1246 par:
1021 1197 1169 1230 neutra
1192 1202 1292 1229 vero
1311 1186 1402 1244 ejus
1421 1201 1534 1244 pars,

150 1255 203 1298 fit
220 1267 426 1299 numerus
441 1271 542 1314 par:
572 1255 653 1298 sed*
672 1265 722 1297 ut
752 1264 890 1298 totum
920 1255 1093 1312 aliquod
1115 1254 1163 1297 fit
1182 1255 1372 1305 beatum,
1395 1263 1536 1312 partes
1560 1263 1564 1267 “

151 1331 297 1367 nutem
310 1323 612 1382 ejus-non'flnt
628 1323 781 1374 beatae,
801 1322 890 1364 fieri
909 1337 993 1364 non
1015 1323 1164 1381 potest.
1215 1323 1277 1364 At
1297 1321 1331 1364 fi·
1344 1323 1538 1365 custodes

150 1403 238 1436 non
254 1401 384 1436 verunt
402 1392 531 1444 beati,
553 1392 726 1449 quinam
749 1392 820 1434 alii
840 1393 993 1434 erunt?
1027 1406 1113 1433 non
1134 1391 1250 1434 enim
1271 1391 1469 1443 artifices,
1489 1399 1539 1434 et

150 1460 652 1520 opificumilliberalium
672 1476 721 1503 ac
740 1460 1004 1503 sordidorum
1031 1460 1284 1503 multitudo.
1344 1460 1537 1518 Reipub-

151 1529 420 1588 licae-igitur‘
438 1529 775 1572 administrandae
805 1530 927 1580 ratio,
948 1544 1075 1585 quam
1106 1529 1301 1586 exposuit·
1326 1530 1538 1581 Socrates,

154 1598 265 1643 mles
279 1599 413 1643 h'abet
429 1598 740 1652 dubitationes,
759 1613 808 1641 ac
837 1598 1109 1640 difficultates
1136 1597 1472 1656 inexplicabileS,
1495 1606 1539 1641 et

155 1667 347 1712 hitalia
365 1682 449 1711 non
470 1667 704 1725 pauciores.

739 1794 942 1817 ο*

710 1878 748 1922 C
768 1877 807 1920 A
823 1879 865 1921 P.
908 1877 988 1923 VI.

155 1992 341 2101 Plutonis
349 1967 530 2038 alteram
547 1993 792 2051 Reipublicae
818 1978 1121 2052 constitutionem
1140 1994 1254 2038 libris
1277 2006 1344 2041 12
1365 1992 1414 2038 de
1434 1993 1537 2055 legi

590 2060 662 2104 bus
683 2061 876 2105 traditam
896 2062 1111 2104 examinat.

159 2175 166 2182 ·
214 2150 641 2194 PROPEMODUM
659 2159 803 2193 autem
823 2150 1011 2193 fimiliter
1039 2150 1098 2193 se
1109 2151 1240 2194 habet
1259 2151 1423 2210 legum,
1446 2166 1543 2210 quae

154 2217 356 2277 posterius
383 2216 548 2276 scriptae
575 2217 688 2270 sunt,
712 2217 951 2275 descriptio·
1008 2218 1283 2276 Quapropter
1308 2229 1352 2261 et
1379 2219 1432 2262 de
1458 2219 1542 2261 rei

156 2286 343 2346 publiea
360 2285 699 2329 administrandae
719 2286 856 2328 forma
875 2285 947 2329 hic
969 2286 1166 2344 expressa,
1187 2301 1322 2344 pauca
1352 2287 1542 2331 confide-

154 2370 248 2399 mre
280 2354 531 2414 praestiterit.
589 2355 704 2398 Nam
736 2356 780 2398 in
811 2355 933 2398 libris
968 2356 1021 2398 de
1055 2356 1277 2413 republica
1307 2356 1360 2399 de
1395 2358 1544 2415 paucis

139 2423 336 2468 omnino
352 2423 513 2467 decidit
537 2425 749 2477 Socrates,
770 2439 925 2482 nempe
945 2425 1000 2467 de
1021 2440 1202 2468 uxorum
1234 2435 1278 2469 et
1309 2427 1542 2471 liberorum

154 2492 476 2545 communione,
496 2507 584 2550 quo
602 2493 734 2536 modo
751 2494 791 2535 se
811 2507 878 2536 res
897 2501 989 2536 tota
1008 2493 1165 2537 habere
1196 2485 1351 2538 debeat
1371 2513 1382 2538 ε
1415 2501 1460 2538 et
1487 2497 1542 2540 de

153 2560 432 2607 facultatibus
450 2562 834 2615 communicandis,
855 2571 900 2605 et
919 2563 972 2605 de
991 2571 1083 2605 tota
1103 2564 1319 2621 republica
1341 2565 1541 2609 ordinan-

153 2630 224 2674 da.
282 2629 451 2674 Dividit
469 2637 613 2673 antem
633 2631 675 2673 in
697 2631 804 2674 duas
823 2641 962 2690 partes
981 2631 1269 2676 habitatorum
1293 2634 1540 2678 multitudi-

153 2711 276 2751 nem,
292 2697 468 2740 alteram
499 2698 797 2756 agricolarum,
818 2700 993 2743 alteram
1024 2712 1418 2759 propugnatorum:
1451 2713 1539 2745 ter-

155 2766 262 2810 tiam
281 2780 339 2809 eat⁴
355 2766 422 2808 his
451 2767 640 2824 sumpsit,
667 2782 761 2810 eam
791 2782 890 2825 quae
918 2768 1144 2822 consultat,
1164 2785 1259 2827 quae
1278 2771 1412 2812 totius
1433 2772 1541 2814 civi-

152 2833 282 2887 tatis,
311 2833 580 2878 dominatum
620 2843 666 2879 et
701 2836 948 2894 potestatem
990 2836 1172 2885 obtinet.
1231 2838 1301 2881 De
1343 2838 1543 2896 agricolis

842 2918 871 2947 Ε
891 2919 916 2948 3

1684 1881 1754 1922 IV.
