1898 3308
410 156 498 212 ,σεο
841 141 1346 205 Animorum

413 280 578 334 stratus,
612 282 780 341 quibus
802 283 843 327 fe
876 284 978 327 effe
988 297 1106 328 curae
1130 284 1340 328 sentiunt:
1384 284 1528 326 altera
1540 286 1653 326 ‘nmi-
1662 246 1786 326 ‘caret

413 348 668 402 alienatione
691 352 837 394 animi
858 361 904 395 et
928 352 1046 404 odio,
1066 361 1110 395 et
1129 353 1187 395 ita
1205 352 1359 395 timent
1381 352 1497 395 servi·
1509 350 1788 403 ἀοιίιπιόῠῇβῐ

401 416 497 474 ‘qui
512 417 656 475 injusta
667 420 866 477 potentia
885 420 1055 478 oppreffi
1075 420 1184 471 sunt,
1212 424 1429 478 εγιτιιῐιιτκιιέ.ι
1470 419 1583 462 Ex‘
1573 419 1623 461 iis
1636 420 1786 460 autem

414 500 515 542 quae
535 486 647 529 dicta
667 487 778 539 sunt,
801 503 895 546 quae
914 489 1108 544 praestare
1121 487 1184 529 vir
1201 487 1374 544 putarit,
1393 503 1443 531 ea
1462 488 1610 548 eliget,
1629 485 1788 545 quib‘u's

417 551 492 595 fibi
526 554 713 609 animum
750 555 891 596 uxoris
924 553 1146 605 conciliet,
1173 554 1374 612 illamque
1399 562 1540 598 totam·
1551 549 1788 605 fdevinciat,

417 622 711 698 propriamque
731 622 946 679 poffideat,
961 633 1010 664 ut
1025 623 1112 663 five
1122 623 1300 678 praesens
1317 622 1384 664 seu
1401 614 1790 673 ameris-fluentem

418 689 675 746 percipiatur
703 689 878 742 utilitas,
899 697 1026 746 atque
1059 689 1084 730 fi
1115 689 1202 745 ipse
1232 703 1374 732 coram
1398 688 1550 732 adeffet
1569 694 1621 732 α’
1646 687 1790 731 omnia

419 765 613 799 curaret:
645 766 777 813 utque
807 756 1018 798 absentem
1053 771 1226 814 quoque
1260 757 1393 799 virum
1422 756 1671 818 experimur·
1684 760 1794 798 uxor

419 837 535 874 eum,
557 838 641 879 quo
671 823 813 865 nullus
834 824 906 866 fibi
930 823 1079 865 melior
1098 824 1450 881 commodiorque
1479 834 1523 866 et
1550 816 1794 866 familiarior

421 890 670 948 contingere
699 891 907 947 potuiflet.
968 891 1100 948 quue
1122 893 1254 934 statim
1274 893 1334 934 ab
1344 893 1432 949 ipso
1450 891 1574 935 initio
1588 888 1792 942 declaret,

421 958 564 1000 omnia
585 958 638 1000 ad
657 973 926 1001 communem
949 960 1177 1001 utilitatem
1210 959 1409 1012 referem,
1430 959 1623 1017 quamvis
1652 957 1794 1017 puella

421 1025 471 1085 fit
499 1034 543 1068 et
572 1035 696 1069 aetate
713 1027 901 1084 juvenis,
924 1027 1177 1084 istarumque
1197 1042 1335 1070 rerum
1358 1027 1571 1084 imperitae
1600 1035 1602 1037 ’
1622 1025 1793 1069 Deho'c

421 1102 564 1136 autem
584 1094 775 1146 exordio,
797 1102 856 1154 et,
876 1094 902 1136 fi
925 1094 1010 1152 ipsa
1028 1095 1098 1136 fibi
1114 1095 1324 1151 'moderari
1352 1095 1562 1152 imprimis
1581 1094 1792 1152 sequ'e‘re-

421 1176 525 1219 gere
558 1161 867 1219 incipiatfipsa
898 1162 980 1204 suae
1014 1163 1111 1205 vitae
1145 1164 1306 1220 optima
1342 1163 1616 1220 gubernatrix
1636 1158 1795 1206 existet

352 1254 354 1257 -
423 1229 640 1272 universae.
699 1232 843 1286 Atque
871 1230 964 1272 haec
993 1230 1108 1286 sequi
1139 1232 1411 1289 praestareque
1439 1238 1610 1274 uxorem
1639 1239 1794 1273 eonve-

422 1297 528 1340 niet.
587 1299 741 1354 Neque
763 1299 977 1340 Homerus
1008 1299 1133 1340 etiam
1154 1313 1341 1340 amorem
1369 1298 1617 1341 timoremve
1636 1289 1793 1340 immo-

424 1365 617 1408 deratum
635 1375 683 1408 et
701 1366 1028 1408 inverecundum
1045 1365 1252 1423 probavit,
1270 1366 1339 1408 sed
1360 1359 1520 1424 ubique
1539 1374 1637 1409 eum
1654 1369 1799 1422 amore

425 1432 918 1489 praeceptum.modestiae
938 1448 986 1475 ac
1008 1431 1179 1489 pudoris
1204 1426 1443 1490 conjunxit,
1501 1426 1646 1491 Atque
1666 1433 1727 1475 ita
1744 1432 1799 1474 ab
1838 1480 1840 1484 ¹

428 1499 596 1543 Helena
620 1499 832 1543 Priamum
853 1500 991 1544 timeri
1011 1501 1085 1552 ait,
1105 1501 1385 1558 compellante
1403 1514 1505 1544 eum
1521 1501 1798 1553 utsoceruir'r,

313 1570 413 1613 343
430 1567 499 1610 cui
517 1567 748 1610 reverentia
766 1570 865 1609 cum
884 1567 1060 1624 pudore,
1082 1576 1124 1610 et
1145 1568 1404 1611 observantia
1427 1582 1530 1611 cum·
1543 1566 1702 1611 timore
1719 1567 1804 1610 de·'

429 1635 615 1679 beretur.
635 1675 638 1677 Α
675 1635 819 1678 Quem
843 1634 1044 1676 'timorem
1063 1635 1220 1678 scilicet
1240 1636 1320 1678 effe
1338 1636 1584 1679 char-itatem
1609 1627 1711 1678 eum*
1728 1635 1804 1678 ree'

428 1702 675 1747 verentiaet
692 1701 853 1759 pudore
878 1702 1096 1759 fignificat.
1158 1702 1323 1760 Ulyffes
1344 1703 1447 1746 item
1468 1703 1717 1746 Nausicaam'
1734 1703 1805 1746 ala·

428 1771 625 1829 loquens,
647 1770 688 1812 se
708 1778 759 1812 et
774 1769 959 1812 venerari
978 1785 1070 1812 eam
1092 1769 1384 1825 admirantem,
1405 1780 1448 1814 et
1467 1771 1683 1829 suspicere
1687 1771 1799 1829 quasi

430 1840 663 1895 stupentem
686 1837 759 1880 ait.
784 1837 986 1880 Jud1cat
1004 1847 1144 1879 autem
1168 1839 1398 1891 Homerus,
1420 1839 1575 1882 debere
1593 1838 1681 1882 effe
1694 1839 1805 1882 inter

432 1907 566 1950 virum
587 1916 645 1949 et
651 1920 824 1947 uxorem
855 1905 1120 1947 affectionem
1144 1906 1271 1949 talem
1295 1915 1525 1950 mutuam·
1557 1919 1655 1950 cum
1678 1903 1811 1950 nemo*

429 1964 675 2025 admiretur,
698 1973 836 2015 multo
856 1973 998 2015 minus
1017 1983 1255 2016 revereatur
1276 1989 1391 2026 eum,
1413 1990 1541 2033 quem
1561 1975 1601 2017 se
1620 1974 1804 2018 deteriob

428 2058 518 2086 rem
555 2041 701 2083 ducit:
733 2040 804 2082 sed
838 2041 975 2082 sensus
1009 2041 1080 2082 iste
1117 2042 1173 2083 est
1209 2056 1356 2084 eorum
1391 2043 1465 2100 qui
1500 2043 1676 2100 ingenio
1708 2042 1807 2085 sunt

431 2111 653 2168 praestante
689 2117 735 2165 et
776 2108 905 2159 bono,
946 2108 1072 2150 etiam
1114 2108 1360 2152 inferiorum
1411 2125 1513 2168 erga
1561 2110 1805 2168 superiores.

434 2179 567 2222 Hunc
586 2177 775 2219 anismam
796 2190 898 2232 erga
920 2175 1155 2232 Penelopen
1185 2177 1431 2219 conservans
1453 2177 1631 2235 Ulyffes,
1653 2192 1805 2235 quam-

433 2245 500 2288 vis
517 2245 591 2287 diu
611 2253 655 2286 et
673 2243 802 2300 longe
827 2242 994 2294 abesset,
1015 2243 1119 2284 nihil
1147 2252 1289 2285 tamen
1315 2244 1511 2302 deliquit.
1570 2245 1807 2303 Agamem·
1874 2274 1876 2276 -

436 2328 523 2357 non
545 2326 642 2354 vero
661 2319 830 2368 propter
850 2310 1080 2367 Chryseida
1109 2311 1151 2352 in
1183 2311 1297 2353 suam
1329 2312 1556 2369 conjugem
1586 2311 1670 2355 fuit
1695 2312 1809 2371 inju-

440 2383 553 2424 stus·
541 2413 554 2434 ,
586 2381 659 2437 qui
681 2381 723 2422 in
745 2381 993 2422 Graecorum
1015 2380 1220 2422 concione
1243 2395 1326 2421 non
1352 2379 1563 2423 dubitavit
1589 2381 1811 2434 affirmare,

442 2449 651 2506 captivam
692 2447 937 2504 neutiquam
977 2448 1147 2489 natione
1195 2447 1534 2512 praestantiorem,
1573 2448 1723 2499 immo,
1763 2455 1812 2490 ut

443 2517 568 2574 plane
602 2515 757 2567 dicam,
795 2513 1051 2556 barbaricam
1087 2513 1397 2567 mulierculam,
1432 2505 1592 2557 nulla
1581 2529 1625 2556 m
1660 2529 1706 2556 re
1738 2524 1815 2558 aut

445 2593 562 2641 parte
591 2582 739 2625 cedere
760 2582 841 2639 Cly
846 2583 1106 2634 taemnestrae,
1129 2598 1181 2625 ex
1201 2599 1285 2640 qua
1305 2583 1394 2640 jam
1426 2583 1640 2642 legitimos
1658 2572 1815 2627 liberos

447 2652 691 2708 susceperat.
753 2649 893 2692 Quod,
915 2650 1025 2692 male
1051 2659 1095 2692 et
1124 2650 1314 2707 improbe
1339 2651 1499 2694 factum
1521 2651 1652 2694 videri
1671 2651 1815 2694 debet.

449 2717 561 2759 Quis
581 2717 695 2758 enim
715 2715 826 2757 reete
846 2714 1004 2758 factum
1027 2716 1243 2772 perhibere
1271 2716 1424 2759 audeat
1443 2718 1458 2758 Ρ
1490 2731 1588 2759 cum
1610 2716 1682 2758 hic
1701 2716 1818 2759 illam

448 2783 635 2830 violenta
661 2783 930 2841 copulatione
950 2782 1025 2826 fibi
1046 2783 1332 2842 conjunctam,
1354 2783 1534 2828 necdum
1567 2798 1695 2842 quem
1726 2785 1818 2827 ani-
