1898 3308
180 326 267 373 diff
292 344 304 350 -·
349 331 359 337 “

218 389 250 411 a,

542 461 1186 587 ARISTOTELIS
1575 528 1670 572 2³1

465 656 606 751 DE
676 659 1274 752 REPUBLICA

664 857 825 896 LIBER
853 858 1068 899 SEXTUS.

744 1265 899 1309 CAP.
950 1266 988 1309 1.

168 1377 301 1440 Dymni
318 1377 545 1438 repetitione
558 1379 770 1438 fhperiora
799 1395 885 1422 cum
900 1372 1159 1439 sequentibus
1185 1381 1388 1435 connect-tit,
1410 1389 1447 1424 et
1466 1383 1569 1441 quid

164 1446 167 1448 ’
222 1443 336 1502 restet
351 1444 634 1506 explicandum
653 1447 798 1506 aperit.
858 1447 1018 1490 Deinde
1043 1465 1126 1490 rem
1151 1449 1408 1507 aggrediens,
1430 1450 1566 1492 docere

223 1513 365 1574 incipit
383 1515 566 1574 quomodo
587 1533 754 1576 quaeque
770 1516 941 1559 πολιτεία
961 1516 1268 1575 irssituendastt
1282 1535 1296 1561 ε
1327 1535 1375 1562 ac
1386 1519 1564 1577 primum

225 1581 276 1624 de
295 1582 533 1626 democratia
549 1583 654 1641 agit.

11 1722 26 1754 v:
166 1658 368 1743 QUOT
385 1689 535 1748 igitur,
557 1698 601 1734 et
630 1706 730 1749 quae
751 1690 829 1734 fint
847 1690 940 1749 ejus
961 1690 1145 1734 civitatis
1167 1691 1313 1749 partis,
1334 1708 1433 1751 quae
1454 1707 1561 1736 con·

0 1741 22 1818 {J
165 1758 434 1817 sultandijus
453 1759 601 1812 habet,
621 1769 668 1802 et
685 1774 816 1817 penes
835 1775 966 1817 quam
995 1759 1130 1803 totius
1151 1760 1400 1818 reipublicae
1421 1761 1561 1804 admi-

0 1821 2 1826 *
164 1828 421 1873 nistrationis
468 1838 514 1872 et
559 1828 883 1887 magistratuum
918 1828 1230 1887 descriptionis,
1269 1831 1451 1887 potestas
1487 1832 1561 1884 est,

165 1897 417 1941 differentiae
435 1912 486 1941 ac
505 1897 880 1951 diffimilitudines,
910 1907 956 1940 et
985 1898 1040 1940 de
1059 1898 1239 1956 judiciis
1258 1914 1308 1942 ae
1329 1899 1559 1942 tribunali-

164 1967 246 2010 bus
257 1963 476 2024 judicum,
498 1975 543 2008 et
563 1965 706 2023 qualia
725 1980 825 2009 cum
846 1966 964 2024 quali
983 1966 1234 2023 reipublicae
1263 1967 1561 2011 administran-

162 2034 232 2079 dae
250 2033 390 2078 forma
407 2042 505 2092 apte
524 2034 797 2077 cohaereant:
828 2043 873 2076 et
893 2043 1096 2091 praeterea
1127 2035 1180 2077 de
1213 2034 1390 2078 interitu
1420 2045 1464 2078 et
1493 2037 1558 2079 sa-

161 2102 257 2149 lute
275 2101 528 2160 reipublicae
548 2101 889 2145 administrandae
909 2101 1159 2154 formarum,
1180 2117 1232 2146 ex
1262 2103 1463 2162 qualibus
1490 2121 1559 2148 re·

161 2173 245 2217 bus
263 2171 472 2225 oriantur,
491 2180 535 2214 et
554 2180 724 2229 propter
741 2186 847 2229 quas
867 2171 1008 2214 causas
1028 2172 1241 2224 eveniant,
1262 2182 1362 2215 ante
1391 2173 1557 2217 ἀίἃυηι

159 2241 233 2285 est.
294 2239 515 2284 Quoniam
541 2247 686 2282 autem
720 2238 781 2281 ita
811 2239 984 2292 accidit,
1009 2249 1055 2282 ut
1089 2239 1210 2298 plura
1231 2241 1306 2283 fint
1331 2240 1557 2285 democra-

159 2309 250 2362 tiae,
272 2317 318 2352 et
344 2307 521 2351 aliarum
553 2307 656 2350 item
691 2307 938 2364 reipublicae
965 2307 1302 2351 administrandae
1323 2308 1558 2354 formarum

159 2392 338 2437 genera,
359 2391 446 2420 non
478 2375 634 2419 inutile
654 2375 783 2419 fuerit
812 2391 900 2419 uno
931 2385 1124 2435 tempore
1153 2378 1390 2436 eademque
1412 2394 1557 2437 opera,

161 2455 209 2491 et
239 2447 296 2491 de
326 2445 432 2498 illis,
465 2444 604 2503 -fiquid
638 2444 853 2503 reliquum
886 2446 958 2498 est,
992 2446 1266 2500 confidet-are,
1301 2457 1344 2489 et
1378 2449 1557 2492 modum

159 2515 318 2574 cuique
347 2513 720 2558 accommodatum
750 2522 881 2571 atque
914 2512 1065 2557 utilem
1099 2515 1263 2558 tradere
1293 2530 1342 2558 ac
1371 2516 1554 2559 demon-

150 2584 300 2643 ἲῚῐίωιτε.
361 2584 570 2626 Praeterea
587 2592 633 2625 et
654 2595 803 2625 eorum
835 2581 1031 2625 omnium
1062 2583 1310 2636 modorum,
1333 2584 1408 2642 qui
1430 2600 1454 2627 a
1476 2601 1556 2627 no-

155 2651 230 2698 bis
248 2651 423 2711 expofiti
444 2651 557 2704 sunt,
577 2649 903 2709 conjugationes
926 2650 1237 2694 confiderandae
1267 2661 1396 2709 atque
1426 2652 1556 2711 inspi-

160 2720 326 2766 ciendae
357 2721 469 2764 sunt.
529 2720 646 2763 Nam
675 2727 783 2777 quot
813 2718 953 2762 modis
984 2719 1076 2763 haec
1107 2720 1219 2763 inter
1239 2720 1280 2763 se
1300 2721 1403 2764 bina
1422 2736 1556 2779 copu-

161 2788 321 2842 lantur,
356 2797 423 2831 tot
457 2787 628 2846 pariunt
665 2787 911 2845 reipublicae
950 2787 1289 2832 administrandae
1325 2789 1556 2834 formarum

161 2856 400 2910 varietates,
431 2857 492 2900 ita
519 2866 569 2900 ut
594 2865 640 2900 et
667 2854 932 2900 aristocratiae
958 2856 1012 2900 ad
1043 2856 1292 2915 oligarchiae
1313 2857 1555 2901 fimilitudi—

796 2937 914 2982 1²1>4

0 2666 11 2680 ι
0 2418 22 2614 “ww-³2:104*
0 2105 26 2402 NQWW
17 1967 25 1978 ,
