1898 3308
335 184 431 229 DE
473 181 672 239 cun-A
714 182 833 229 Rm
878 182 1045 227 FAM.
1083 185 1140 227 11.
1172 196 1215 229 2.
1387 185 1470 242 697

21 342 29 346 Α,
84 305 501 366 Catia-incolarum
531 305 937 365 opulentiffimarum
968 304 1192 364 descripsit,
1219 306 1294 364 qui
1322 306 1475 351 choros

82 355 358 434 'iiiffi’uerenss
385 369 601 435 imperatis
631 374 684 418 iis
712 390 808 433 quae
838 382 1149 433 appararentur.
1207 375 1270 418 At
1299 390 1476 431 cernens

82 457 167 516 *ομ
195 437 376 506 gravari,
392 442 648 503 ,subornavit
675 442 879 502 quosdam
908 442 982 500 qui
1012 441 1331 496 sciscitarentur,
1355 443 1478 488 Quid

37 524 40 533 ’
85 508 192 566 Jdare
211 503 389 572 pellent,
405 522 455 556 ut
476 511 663 564 muneris
685 511 953 556 'vacationem
984 509 1191 553 haberent
1210 527 1221 552 z
1251 519 1296 553 at
1315 511 1362 554 hi
1381 511 1476 568 plus
1495 508 1596 562 368

18 614 22 619 .
86 579 227 642 etiam
257 573 297 623 se
328 576 505 625 daturos
534 580 631 634 effe,
662 595 790 639 quam
820 578 1051 637 impensuri
1083 578 1344 632 viderentur,
1374 593 1475 636 pro-

75 638 283 706 '‘mittere,
305 660 360 692 ne·
389 649 754 708 interpellarentur
781 657 827 707 et
856 647 1166 692 abducerentur
1185 663 1210 690 a
1229 647 1313 691 suis
1342 662 1478 705 nego-

16 734 18 738 ·
90 708 183 761 '‘tiis.
243 717 313 762 Ibi
330 717 404 760 ille
422 718 609 776 acceptis
628 733 725 776 quae
744 717 808 760 isti
828 716 1003 768 dabant,
1024 715 1237 774 descripsit
1255 715 1378 769 alios,
1399 717 1480 770 do-

22 815 24 817 >
95 783 176 829 nec
194 785 324 841 etiam
340 786 400 838 ‘ab
415 785 490 843 ιΙήβ
507 785 671 845 accepit
690 801 789 844 quae
809 785 968 829 voluit:
1001 793 1046 828 et
1064 784 1125 827 ita
1143 782 1373 829 accedebat
1399 785 1480 829 ali-

92 840 202 914 'quid
219 868 247 911 a
263 850 452 918 siugulis.
481 853 485 858 ’

67 948 96 987 '.
128 916 327 986 ”Euaesus
348 914 489 981 ¹Syrus
517 920 696 981 satrapes
729 922 773 966 in
807 924 1017 982 AEgypto,
1048 938 1148 966 cum
1178 921 1353 966 senfiss'et
1373 937 1484 980 prae-

18 1015 19 1018 ¹
96 989 234 1038 sefios
250 986 482 1051 provinciis
501 993 554 1035 ab
575 992 614 1035 se
637 992 742 1036 velle
761 991 1002 1046 desciscere,
1021 991 1240 1034 accersitos
1257 991 1302 1034 in
1321 991 1486 1049 regiam

96 1049 210 1119 ipsos
223 1058 442 1119 *suspendit
471 1061 700 1104 universos.
759 1061 966 1120 Juffitque
993 1060 1077 1103 dici
1110 1059 1387 1103 familiaribus
1408 1075 1484 1102 eo-

96 1127 196 1186 ‘rum
215 1131 266 1172 et.
279 1129 544 1188 propinquis,
564 1129 752 1174 affervari
773 1129 885 1173 illos.
947 1129 1119 1186 Singuli
1147 1129 1292 1186 itaque
1319 1128 1485 1172 labora-

97 1197 207 1241 bant
225 1212 301 1256 pro
322 1197 420 1252 suis,
451 1206 498 1241 et
525 1189 734 1248 redimere
763 1198 994 1256 cupiebant
1021 1197 1205 1255 pecunia
1237 1206 1411 1254 captos:
1443 1205 1489 1240 at

17 1290 20 1295 ,
99 1259 187 1323 ipse
206 1265 355 1327 pexitus
375 1260 430 1310 de
449 1280 727 1325 unoquoque,
743 1274 787 1308 et
808 1266 995 1324 acceptis
1015 1265 1070 1308 de
1088 1265 1246 1322 quibus
1269 1264 1486 1308 convenis-

99 1333 178 1398 set,
198 1333 374 1395 singulis
392 1339 611 1378 mortuum
631 1334 826 1378 restituit.

153 1399 417 1463 'Cleomenes
463 1402 781 1446 Alexandrinus
829 1402 1009 1460 satrapes
1047 1400 1093 1443 in
1136 1402 1350 1460 AEgypto,
1389 1416 1491 1446 cum

102 1469 238 1526 fames
256 1462 355 1514 aliis
373 1470 418 1514 in
437 1469 547 1514 locis
565 1469 664 1514 esset
683 1486 858 1528 magna,
878 1471 922 1513 in
945 1471 1139 1528 AEgypto
1157 1479 1301 1516 autem
1322 1470 1490 1514 medio-

101 1525 204 1594 cris,
224 1528 436 1597 pra-*clusit
454 1538 703 1597 exportandi
723 1538 937 1582 frumenta
965 1538 1201 1594 licentiam.
1261 1539 1496 1583 Provinciis

103 1601 248 1666 autem
267 1607 458 1664 praefefi'ti
479 1621 635 1665 negare
666 1607 708 1650 se
737 1606 850 1665 posse
878 1607 1040 1650 tributa
1067 1607 1265 1666 pendere,
1288 1607 1314 1649 fi
1333 1623 1419 1650 non
1440 1608 1495 1651 li-

106 1664 453 1738 ceret'exportari
474 1674 702 1737 frumenta.
761 1676 877 1718 Tum
906 1675 980 1718 ille
1011 1684 1062 1718 ut
1089 1685 1310 1734 exportare
1328 1677 1494 1731 liceret,

106 1743 410 1804 conceffit‚,sed
431 1739 616 1803 vectigal
646 1744 847 1803 imposuit
875 1744 1092 1788 frumento
1120 1761 1343 1804 magnum.
1404 1749 1493 1790 Ita-

107 1828 195 1872 que
211 1808 438 1870 eveniebat
456 1821 506 1856 ut
525 1828 625 1856 cum
645 1812 849 1856 frumenti
871 1823 1162 1872 exportaretur
1183 1830 1267 1858 non
1290 1815 1497 1871 multum,

106 1869 317 1942 maffium
350 1881 535 1940 vectigal
566 1881 845 1939 acciperetur,
871 1890 917 1925 et
945 1882 1180 1941 eriperetur
1211 1883 1424 1942 praefectis
1453 1885 1500 1929 id

106 1947 568 2012 quodsspraetenderant.
630 1950 743 1993 Cum
776 1951 964 2009 quodam
993 1959 1184 2010 tempore
1209 1967 1303 1995 eam
1326 1954 1498 2011 provin-

108 2014 219 2063 ciam
247 2018 424 2081 Anavigi‘o
456 2018 660 2072 transiret,
680 2019 724 2062 in
754 2034 839 2077 qua
866 2021 988 2063 Deus
1017 2019 1200 2064 habetur
1225 2021 1498 2076 Crocodilus,

109 2098 330 2154 correptus
362 2088 447 2145 fuit
474 2104 500 2132 a
532 2088 749 2133 crocodilo
781 2103 892 2132 unus
923 2104 977 2131 ex
1007 2089 1150 2147 pueris
1183 2090 1325 2148 ipsius.
1383 2092 1499 2135 Tum

109 2150 395 2204 sacerdotibus
426 2156 700 2202 convocatis:
733 2157 788 2200 Se
813 2157 889 2216 qui
915 2158 1031 2216 prior
1049 2157 1226 2202 affefflus
1254 2160 1357 2215 esset
1387 2160 1501 2219 inju-

109 2222 189 2285 ria,
214 2218 400 2272 ¹autores
436 2224 553 2271 illius
588 2227 826 2271 crocodilos
866 2228 974 2272 velle
1011 2228 1158 2271 ulcisci
1188 2229 1383 2274 ostendit.
1418 2231 1503 2274 ·Et

111 2296 310 2342 mandata
336 2296 459 2340 dedit
479 2306 526 2340 ut
543 2296 609 2339 illi
629 2305 882 2355 caperentur
904 2314 914 2340 ε
947 2307 991 2341 at
1021 2298 1273 2354 sacerdotes,
1296 2315 1350 2343 ne
1377 2301 1502 2345 Deus
1534 2297 1537 2301 ’

32 2388 36 2425 3
111 2366 299 2428 ipsorum
335 2364 634 2424 despiceretur,
669 2380 820 2408 aurum
856 2376 1062 2424 quantum
1103 2376 1335 2425 potuerunt
1373 2369 1501 2413 colli-

11 2445 34 2485 ³2
111 2451 231 2496 gere,
251 2436 292 2480 ei
324 2435 621 2480 tradiderunt:
657 2443 787 2493 atque
821 2435 882 2478 ita
914 2436 999 2494 ipse
1025 2437 1252 2494 acquievit.
1310 2439 1502 2484 Dederat
1516 2443 1622 2513 369

2 2519 7 2540 2
28 2488 37 2530 ἶ
113 2505 219 2551 huie
246 2504 448 2548 mandata
474 2503 720 2548 Alexander
744 2519 834 2557 rex,
853 2512 902 2547 ut
922 2505 1125 2548 conderet
1141 2506 1292 2549 urbem
1314 2507 1370 2550 ad
1390 2508 1501 2552 Pha·

23 2619 31 2632 ,-
114 2590 231 2630 rum,
249 2582 384 2632 utque
411 2587 464 2616 eo
493 2572 741 2616 transferret
771 2571 911 2616 forum
942 2588 1084 2616 rerum
1104 2574 1336 2628 venalium,
1359 2577 1503 2622 Cano-

115 2641 190 2687 bo.
250 2641 320 2694 Ibi
348 2641 434 2700 ipse
463 2640 634 2699 navigio
653 2640 819 2683 acceffit
839 2641 1082 2696 Canobum,
1102 2650 1148 2685 et
1166 2642 1349 2686 ostendit
1367 2644 1503 2688 sacer-

117 2707 292 2754 dotibus
324 2724 377 2766 eo
407 2708 451 2750 in
483 2706 581 2750 loco
608 2722 659 2751 ac
691 2706 995 2766 locupletibus,
1016 2708 1116 2751 ideo
1149 2709 1189 2752 se
1221 2710 1430 2754 adveniffe
1455 2720 1507 2762 ut

1 2761 47 2818 ‚⁷ss
117 2776 360 2821 “educeret
387 2791 463 2819 eos
491 2774 606 2819 alio:
637 2783 682 2818 at
709 2775 946 2819 sacerdotes
974 2784 1020 2819 et
1048 2776 1162 2820 cives
1181 2777 1356 2821 collatas
1375 2794 1506 2836 pecu·

117 2845 211 2890 nia·
248 2845 322 2905 ἱρῇ
358 2844 584 2899 dederunt,
623 2851 676 2888 ut
708 2842 851 2888 forum
888 2844 1003 2903 apud
1039 2844 1081 2890 se
1118 2845 1194 2890 fibi
1231 2846 1506 2906 relinqueret.
