1898 3308
358 181 445 232 454
774 158 1294 225 'Ams‘roTEms

1653 265 1665 282 Ι

361 296 508 340 multis
539 298 682 342 modis
714 299 892 353 dicatur,
928 303 981 346 ad
1015 302 1311 361 explicandum
1350 299 1489 343 facilis
1519 293 1728 354 quodam-

279 362 346 407 88
362 365 493 408 modo
512 366 608 410 talis
628 369 803 426 quaestio
822 371 878 413 est
898 386 909 422 ς
940 371 1129 424 fimiliter
1146 379 1287 414 autem
1307 371 1352 412 et
1370 366 1595 411 hominum
1622 377 1731 406 eum-

359 432 458 475 dem
482 433 623 478 locum
641 435 937 491 incolentium,
959 439 1129 496 quando
1156 453 1283 480 unam
1304 437 1384 480 effe
1403 435 1617 478 civitatem
1636 431 1727 475 exi-

357 500 519 544 stimare
553 514 757 560 oporteat.
816 507 920 549 Non
957 507 1070 548 enim
1110 506 1243 549 muris
1280 503 1582 547 communibus
1618 499 1726 543 defi·

354 569 512 612 nienda
531 586 616 614 una
635 573 783 616 civitas
805 575 875 616 est.
936 574 1085 617 Liceat
1109 573 1223 616 enim
1258 570 1537 628 Peloponneso
1557 569 1728 624 mmm

357 651 488 679 unum
529 638 828 683 circumdare.v
866 641 983 684 Talis
1031 650 1174 683 autem
1217 639 1380 683 fortaffe
1417 638 1474 680 est
1502 635 1726 695 Babylon,

354 705 590 768 omniwsque,
613 723 708 764 quae
739 708 881 764 gentis
899 708 1043 765 potius
1062 723 1189 766 quam
1211 707 1328 749 urbis
1347 713 1421 748 aut
1439 703 1623 759 civitatis
1640 702 1727 746 cir-

353 774 679 831 cumscriptione
709 777 979 818 continetur:
1011 791 1096 834 qua
1123 776 1293 818 tertium
1320 774 1411 832 jam
1442 773 1556 816 diem
1586 780 1726 828 capta,

352 849 515 896 partem
551 842 762 899 quandam
796 844 914 885 urbis
949 858 1032 885 non
1070 842 1223 885 senfiffe
1255 842 1448 884 dicunt.·
1477 840 1637 882 Verum
1660 838 1726 886 ⁴de

351 907 433 949 hac
453 908 624 965 quidem
646 909 911 952 dubitatione
929 909 1077 952 utilius
1096 909 1176 952 erit
1194 908 1517 966 disputationem
1538 906 1590 950 ad
1609 905 1726 950 aliud

351 983 523 1033 tempus
542 977 747 1021 reservari.
806 979 921 1021 Nam
950 977 1004 1020 de
1033 977 1328 1034 magnitudine
1350 974 1548 1027 civitatis,
1568 981 1728 1033 quanta

351 1043 503 1086 debeat
519 1044 614 1096 effe,
636 1054 680 1087 et
702 1054 845 1088 utrum
875 1054 1049 1104 gentem
1080 1060 1208 1088 unam
1241 1060 1293 1087 an
1326 1043 1465 1101 plures
1486 1042 1566 1086 effe
1594 1056 1723 1100 expe-

351 1110 457 1163 diat,
479 1111 697 1154 hominem
721 1112 952 1170 politicum
984 1113 1178 1171 ignorare
1198 1127 1283 1154 non
1303 1118 1489 1168 oportet.
1546 1110 1631 1154 Sed
1652 1110 1724 1153 iis-

351 1177 449 1220 dem
470 1179 718 1222 hominibus
738 1180 779 1222 in
799 1181 951 1223 eodem
970 1180 1067 1223 loco
1087 1179 1393 1230 habitantibus,
1414 1186 1559 1221 utrum
1586 1192 1724 1236 quan-

350 1244 427 1287 diu
447 1245 495 1288 fit
513 1246 627 1288 idem
645 1262 786 1304 genus
813 1247 1039 1289 hominum
1058 1247 1101 1289 in
1115 1247 1227 1289 'urbe
1252 1245 1554 1298 habitantium,
1572 1245 1723 1292 eadem

350 1312 499 1356 civitas
519 1313 699 1356 dicenda
719 1315 790 1365 est,
811 1315 938 1357 etiam
960 1313 1052 1356 aliis
1081 1313 1407 1364 intereuntibus,
1429 1312 1522 1355 aliis
1551 1312 1726 1356 nascen-

350 1371 495 1426 tibus:
528 1384 892 1442 quemadmodum
923 1392 968 1426 et
995 1383 1146 1426 fluvios
1173 1382 1340 1426 eosdem
1361 1382 1502 1424 dicere
1521 1382 1724 1436 solemus,-

348 1459 393 1493 et
420 1451 560 1494 fontes
590 1452 776 1505 eosdem,
807 1451 1113 1509 quamvis-alia
1142 1450 1301 1508 semper
1331 1465 1441 1508 aqua
1470 1450 1723 1503 suboriatur,

346 1522 430 1563 alia
460 1522 657 1580 diffugiat
689 1531 819 1580 atque
850 1521 1024 1565 effluat?
1063 1536 1116 1564 an
1151 1521 1348 1564 homines
1381 1520 1555 1578 quidem
1590 1520 1724 1564 iidem

348 1588 428 1631 effe
456 1589 633 1632 dicendi
670 1590 766 1632 sunt
798 1598 969 1647 propter
1002 1589 1129 1631 talem
1173 1589 1356 1640 causam,
1395 1588 1543 1632 civitas
1577 1598 1722 1632 autem

347 1656 462 1700 alia?
496 1659 608 1699 Nam
630 1658 657 1698 fi
679 1656 828 1700 civitas
857 1657 1033 1699 societas
1061 1655 1256 1713 quaedam
1288 1656 1360 1708 est,
1391 1664 1435 1699 et
1465 1652 1622 1700 civium
1651 1657 1721 1701 so-

347 1723 478 1766 cietas
499 1724 573 1766 ubi
595 1724 776 1766 civitatis
804 1723 1142 1766 administrandae
1166 1722 1274 1764 ratio
1294 1722 1431 1778 specie
1450 1721 1500 1764 fit
1517 1722 1653 1780 dispar
1671 1735 1729 1768 ω’

348 1792 568 1844 diffimilis,
606 1802 649 1835 et
681 1792 822 1834 differt
855 1791 1033 1843 civibus,
1066 1790 1225 1833 necefl'e
1255 1790 1335 1833 effe
1370 1790 1564 1834 videatur
1582 1791 1720 1835 -etiam

347 1860 562 1903 civitatem
601 1876 684 1902 non
723 1860 803 1902 effe
841 1859 1038 1902 eandem.
1099 1858 1479 1902 Quemadmodum
1521 1858 1728 1914 eborum,

345 1929 420 1984 qui
441 1944 555 1971 nunc
576 1929 782 1978 comicus,
803 1942 919 1969 nunc
939 1927 1126 1984 tragicus
1153 1927 1228 1978 est,
1249 1926 1379 1968 alium
1410 1927 1490 1969 effe
1519 1927 1720 1981 dicimus,

344 2011 445 2038 cum
466 1997 754 2054 saepenumero
774 1995 904 2037 iidem
925 1996 1119 2036 homines
1139 1994 1230 2036 fint.
1292 1994 1498 2037 Similiter
1511 2004 1654 2039 autem
1675 2005 1720 2040 et

344 2063 471 2105 aliam
497 2078 669 2105 omnem
700 2062 960 2114 societatem,
981 2060 1106 2103 aliam
1140 2060 1281 2103 dicere
1308 2060 1579 2114 debemus‚‚fi
1599 2076 1733 2105 com--

344 2132 558 2188 positionis
593 2130 748 2188 species
788 2131 834 2171 fit
866 2129 974 2172 aliar
1017 2127 1148 2171 veluti
1182 2128 1446 2172 harmoniam
1480 2129 1730 2178 diffimilems

343 2199 424 2241 effe
450 2198 634 2243 dicimus
661 2197 808 2240 iisdem
830 2197 956 2247 sonis,
978 2196 1002 2237 fi
1025 2195 1127 2238 alias
1148 2195 1196 2237 fit
1215 2196 1362 2249 Doria,
1382 2196 1485 2238 alias
1516 2196 1733 2255 Phrygia-1

346 2267 390 2309 Si
423 2267 555 2324 igitur
582 2266 666 2307 hoc
694 2265 824 2307 modo
852 2264 892 2306 se
922 2279 987 2307 res
1011 2264 1157 2314 habet,
1178 2263 1440 2321 perspicuum
1462 2265 1519 2306 est
1538 2264 1719 2310 eandem

343 2334 557 2376 civitatem
579 2334 764 2375 maxime
795 2332 874 2375 effe
904 2331 1143 2382 dicendam,
1164 2331 1346 2388 spectata
1373 2331 1555 2374 civitatis
1584 2332 1721 2375 admi-

345 2403 565 2445 nistrandae
590 2401 777 2444 ratione:
808 2400 981 2442 nomine
1010 2409 1152 2442 autem
1185 2399 1249 2441 vel
1281 2399 1381 2452 alio,
1403 2399 1470 2442 vel
1489 2400 1640 2443 eodem
1660 2401 1737 2444 li-¹

344 2485 439 2516 cere
469 2484 562 2512 eam
596 2468 822 2525 appellare,
843 2477 887 2510 et
916 2466 1063 2512 iisdem
1084 2466 1126 2508 in
1148 2481 1198 2508 ea
1215 2466 1503 2510 habitantibus
1529 2467 1739 2510 homini-=

262 2549 333 2604 59
346 2539 439 2590 bus,
461 2547 504 2580 et
524 2537 688 2594 prorsus
708 2536 817 2578 aliis.
878 2534 943 2577 Sit
962 2550 1016 2577 ne
1035 2543 1178 2577 autem
1199 2534 1357 2592 justum
1383 2550 1517 2594 necne
1535 2535 1580 2577 id
1599 2535 1717 2592 quod

344 2621 397 2648 ex
426 2605 704 2648 conventione
738 2603 934 2655 debetur,
972 2601 1204 2654 diffolvere,
1239 2602 1579 2660 obligationique
1610 2617 1744 2645 con-—

341 2673 484 2715 tractae
505 2663 755 2722 satisfacere,
780 2685 879 2713 cum
899 2670 942 2711 in
961 2669 1090 2711 aliam
1119 2669 1362 2726 reipublicae
1381 2669 1718 2717 administranda
1753 2689 1756 2693 ·

338 2745 520 2792 formam
540 2743 685 2790 civitas
706 2741 898 2789 traducta
917 2740 981 2798 fit,
1003 2754 1087 2782 non
1107 2740 1163 2782 est
1183 2740 1312 2802 hujus
1329 2739 1414 2784 loci
1433 2739 1659 2802 disputare.
