1898 3308
424 195 526 238 ,444
765 200 801 215 .·
837 193 841 197 ·
879 182 1377 228 Amsrorssms

424 320 537 347 cum
570 304 794 362 impensam
829 305 1007 367 fecerim:
1037 305 1081 348 in
1112 305 1418 363 magistratum,
1445 303 1835 362 affueseemj·qnoe·‚

441 375 544 416 stum
568 373 730 416 facere:
762 374 988 417 absurdum
1018 374 1132 416 enim
1163 373 1304 425 fuerit,
1326 388 1426 416 eum
1445 372 1517 429 qui
1537 369 1810 429 pungar-qui,-

440 440 539 483 dem
561 441 622 492 fit,
646 441 711 483 sed
733 451 874 484 tamen
895 442 957 483 vir
975 442 1131 492 bonus,
1152 441 1339 497 quaestus·
1349 439 1530 484 faciendi
1551 439 1811 483 voluntatem

440 506 684 552 habiturum
703 525 714 550 :
747 523 863 560 eum,
883 508 957 566 qui
978 508 1025 551 fit
1045 508 1278 564 improbus,
1298 518 1342 550 et
1361 508 1436 565 qui
1460 507 1670 564 sumptum
1694 504 1810 548 fece*

439 574 511 626 rit,
555 590 640 617 non
685 575 942 617 habiturum.
1004 576 1272 632 Quapropter
1315 582 1500 631 oportet,
1537 573 1614 632 qui
1636 572 1813 630 prti'm'e

430 642 605 699 *praeeffe
625 642 866 697 reipublicae
887 641 1067 699 possunt,
1089 642 1168 684 hos
1188 642 1368 699 praeeffe.
1417 641 1812 692 Praestahntwem,

440 709 512 752 etfi
543 710 732 752 virorum
769 711 976 752 bonorum
1009 710 1230 752 facultates
1260 719 1304 753 et
1333 708 1477 768 copias
1509 708 1570 756 rei
1592 706 1815 753 &miliario

438 779 654 838 deserebat
686 793 736 822 ac
768 779 987 836 prodebat,
1019 788 1063 822 at
1097 789 1210 822 certe
1244 795 1345 822 eum
1376 778 1707 837 magistratuum¹
1725 776 1815 819 otio

439 847 656 890 consulere
693 859 751 889 ac'
787 846 1034 903 prospicere.
1092 847 1259 889 Malum
1309 855 1450 889 autem
1498 845 1580 889 effe
1611 844 1816 898 videatur

440 915 569 956 etiam
585 914 691 966 hoc,
712 913 897 956 eundem
923 913 1063 970 plures
1092 914 1356 972 magistratus
1375 928 1550 972 gerere:
1580 912 1696 971 quo'd
1715 911 1814 970 qui-

439 981 538 1023 dem
563 981 676 1038 apud
708 981 1076 1039 Carthaginienses
1109 981 1389 1024 honorificum
1419 990 1464 1024 et
1491 980 1720 1040 gloriosum
1732 980 1813 1022 ἴσίὶ.

438 1049 556 1092 Nam
577 1062 709 1092 unum
732 1063 839 1106 opus
860 1050 913 1091 ab
935 1065 1020 1092 uno
1039 1049 1201 1107 optime
1221 1049 1460 1092 absolvitur.
1517 1049 1815 1106 Oporoetenem

437 1116 614 1159 latorem
635 1117 760 1175 legiS,
783 1126 830 1160 ut
853 1117 935 1159 hoc
957 1105 1207 1169 fiat‚³videre
1235 1126 1366 1175 atque
1394 1121 1564 1176 operam
1589 1116 1813 1171 duramen

439 1193 489 1228 ut
509 1184 622 1227 idem
642 1194 683 1226 et
706 1185 810 1227 tibia
829 1194 966 1237 canat,
989 1195 1032 1228 et
1053 1186 1252 1228 sutoriam
1278 1185 1420 1237 faeiat,
1447 1182 1678 1243 negotium
1699 1185 1813 1229 dare.

440 1253 589 1308 Itaque
624 1253 697 1295 ubi
730 1267 814 1294 non
843 1254 899 1294 est
930 1268 1055 1309 parva
1083 1251 1260 1295 civitas:
1293 1253 1543 1309 civilius-est
1570 1252 1710 1310 plures
1734 1253 1816 1296 effic

439 1320 757 1378 magistratuum
790 1320 1029 1377 participes,
1059 1329 1104 1363 et
1135 1321 1272 1379 magis
1301 1316 1516 1378 populare.
1575 1322 1694 1364 Nam
1715 1332 1814 1364 cum

439 1388 525 1431 hoc
555 1389 828 1432 communius
862 1390 923 1441 fit,
955 1389 1315 1446 quemadmodum
1350 1389 1552 1444 diximus,
1581 1399 1675 1433 tum
1707 1404 1814 1433 una—

439 1470 623 1513 quaeque
643 1471 708 1498 res
727 1465 771 1498 et
791 1456 945 1499 melius
974 1456 1021 1498 fit
1055 1472 1080 1498 a
1111 1456 1299 1514 fingulis,
1320 1466 1363 1499 et
1384 1457 1527 1500 citius.
1585 1457 1711 1500 Licet
1738 1473 1814 1500 au-

441 1531 530 1565 tem
568 1524 655 1569 hoc,
684 1538 856 1566 cernere
889 1524 931 1566 in
967 1525 1095 1566 rebus
1127 1524 1293 1567 bellicis
1331 1533 1375 1567 et
1407 1524 1603 1568 nauticis.
1665 1526 1713 1568 Iu
1749 1525 1817 1568 his

440 1591 555 1632 enim
575 1591 761 1648 utrisque
782 1606 854 1648 per
873 1606 1019 1633 omnes
1047 1590 1133 1634 fere
1162 1599 1382 1648 permanat
1411 1591 1646 1649 imperandi
1662 1592 1752 1651 Jue‚
1772 1602 1818 1636 et

440 1658 614 1715 parendi
637 1659 868 1701 neceffitas.
929 1659 1040 1702 Cum
1062 1668 1206 1702 autem
1227 1662 1375 1702 eorum
1405 1659 1650 1717 reipublic}
1675 1660 1815 1711 admi-

441 1726 662 1769 nistrandae
682 1726 788 1769 ratio
816 1726 870 1769 ad
899 1741 1130 1784 paucorum
1163 1734 1432 1784 potentatum
1462 1726 1633 1784 spectet,
1657 1728 1818 1784 optime

441 1802 583 1836 tamen
605 1795 688 1837 hoc
705 1794 1026 1837 incommodum
1047 1794 1347 1851 effugiunt,-eo
1363 1793 1480 1852 quod
1498 1794 1659 1853 semper
1676 1796 1818 1855 aliqua

441 1878 537 1920 pars
569 1863 713 1920 populi
745 1862 862 1905 dives
893 1863 965 1915 est,
998 1863 1100 1905 dum
1131 1862 1297 1920 aliquos
1325 1862 1380 1904 de
1409 1863 1568 1920 populo
1593 1863 1637 1907 in
1663 1865 1818 1922 oppida

443 1931 607 1973 minora
632 1931 870 1973 dimittunt.
931 1931 1026 1973 Hac
1055 1930 1169 1972 enim
1192 1944 1235 1972 re
1255 1930 1483 1972 medentur
1502 1931 1604 1977 huic
1623 1932 1752 1985 malo,
1773 1928 1819 1976 et

363 2011 427 2063 78
442 1998 686 2056 reipublicae
709 1999 857 2041 statum
881 1998 1108 2040 stabiliunt.
1170 1999 1252 2041 Sed
1282 1998 1365 2040 hoc
1394 1997 1575 2042 fortunae
1593 2008 1818 2058 acceptum

441 2065 710 2109 referendum
732 2067 803 2108 est.
862 2067 924 2108 At
953 2067 1175 2123 oportebat
1193 2082 1266 2109 eos
1285 2083 1309 2109 a
1328 2067 1531 2118 seditione
1559 2067 1750 2111 munitos
1768 2084 1819 2112 ac

441 2142 557 2177 tutos
577 2134 656 2176 effe
677 2134 851 2177 consilio
870 2145 913 2176 et
933 2149 1061 2191 opera
1078 2134 1222 2177 latoris
1245 2135 1369 2193 legis,
1389 2149 1473 2177 non
1504 2134 1710 2178 beneficio
1729 2135 1816 2178 for-

441 2211 574 2244 tunae.
634 2203 764 2244 Nunc
799 2211 942 2244 autem
978 2202 1004 2243 fi
1040 2202 1143 2259 quid
1177 2202 1329 2244 adverfi
1362 2202 1579 2255 acciderit,
1611 2212 1656 2245 et
1691 2204 1819 2260 paulo

442 2268 578 2327 major
610 2284 808 2311 numerus
838 2268 996 2311 civium
1028 2269 1203 2325 imperio
1231 2269 1514 2327 subjestorum
1543 2269 1746 2313 defecerit
1771 2285 1820 2313 ac

442 2336 702 2388 discordarit,
725 2336 892 2379 nullum
915 2337 970 2378 est
991 2337 1033 2379 in
1055 2337 1223 2394 legibus
1242 2336 1561 2395 tranquillitatis
1589 2346 1634 2380 et
1662 2337 1821 2395 quietis

440 2405 676 2447 retinendae
711 2405 963 2462 praefidium.
1023 2406 1091 2447 De
1121 2405 1542 2448 Lacedaemoniorum
1566 2404 1713 2463 'igitur'
1737 2407 1819 2448 rei·

442 2474 629 2531 publicae
657 2473 990 2515 administrandae
1012 2473 1162 2525 forma,
1192 2485 1236 2516 et
1266 2474 1319 2516 de
1349 2474 1551 2526 Cretensi,
1572 2483 1616 2516 et
1637 2474 1818 2517 Cartha-

441 2543 635 2600 giniensi,
669 2558 765 2599 quae
796 2542 971 2600 quidem
1005 2543 1158 2586 merito
1188 2544 1242 2586 ab
1273 2543 1473 2587 omnibus
1502 2543 1748 2600 probantur,
1776 2554 1821 2590 et

443 2612 558 2654 bona
575 2610 878 2655 existimatione
898 2611 1066 2664 florent,
1086 2611 1179 2654 haec
1200 2611 1331 2654 habui
1352 2626 1449 2669 quae
1469 2611 1672 2655 dicerem.
