1942 3320
472 171 554 227 398
755 144 757 146 ’
832 211 837 223 ,,
900 165 1393 217 ARISTOTELIS

469 305 555 338 una
573 291 668 349 q'uae
689 292 736 335 fit
753 292 928 337 navibus
947 311 958 336 ε
974 295 1131 348 altera,
1151 311 1247 352 quae
1272 292 1471 352 plaustris
1486 300 1562 338 aut
1583 289 1823 350 junwmx‘nt

469 359 607 411 tertia,
627 376 721 417 quae
740 362 822 405 fine
840 362 982 416 labore
1003 371 1077 406 aut
1097 363 1280 420 periculo
1309 362 1505 413 veaur'ae,
1527 360 1670 406 iisdem
1690 359 1821 407 inuh:

468 426 546 479 cis,
569 429 642 471 ubi
662 444 778 471 merx
798 439 897 472 nata
915 432 986 483 est,
1006 431 1235 482 faffitatur,
1255 444 1383 487 quam
1403 429 1650 487 παράστασιν
1661 434 1821 486 Nonam

468 494 625 537 Graeci.
684 496 896 539 Differunt
923 506 1064 540 autem
1095 498 1162 540 hae
1191 497 1300 539 inter
1320 497 1376 548 se,
1396 496 1512 553 quod
1531 495 1633 539 aliae
1651 495 1818 541 fiuntu-

466 560 608 615 tiores,
643 564 862 621 minusque
895 564 1151 621 periculosae,
1186 564 1283 607 aliae
1307 563 1510 620 majorem
1539 561 1818 607 frustum&

464 637 572 672 rant.
632 631 827 673 Secunda
858 632 1044 688 pecuniae
1077 631 1311 688 quaerendae
1339 630 1510 675 rationis
1531 643 1645 686 pers,
1665 628 1820 677 est2foe÷

463 697 652 740 neratio:
698 700 836 751 tertia,
874 714 1010 755 operae
1056 699 1226 752 locatio,
1265 698 1345 741 five
1368 712 1507 754 ‘opera
1544 696 1817 743 mercenariae

461 764 604 822 Hujus
625 774 767 808 autem
788 767 884 809 duae
910 767 1005 810 sunt
1031 774 1184 824 partes,
1203 766 1332 809 altera
1358 765 1510 808 artium
1540 763 1814 817 sordidarum,

459 840 589 889 atque
607 833 872 876 illiberalium
893 851 903 876 :
935 835 1064 877 altera
1091 849 1233 877 earum
1251 849 1358 890 'quae
1376 833 1472 876 sunt
1488 833 1590 879 antis*
1606 841 1813 889 expertem·

458 908 502 941 et
530 915 701 956 corpore
733 901 953 944 dumtaxat
981 901 1107 944 utiles
1136 901 1244 944 sunt.
1302 900 1447 945 Tertia¹
1467 899 1814 952 autemvratiauia

456 967 646 1021 pecuniae
673 968 912 1024 quaerendae
942 968 1113 1025 species,
1134 968 1242 1010 inter
1266 967 1376 1010 hanc
1405 975 1448 1010 et
1473 967 1652 1024 primam
1678 966 1812 1026 iuter-

448 1032 564 1090 jecta
584 1034 652 1076 est.
709 1035 855 1076 Habet
873 1035 988 1077 enim
1009 1044 1053 1077 et
1072 1044 1232 1092 partem
1253 1035 1435 1091 aliquam
1460 1034 1568 1091 ejus,
1588 1049 1684 1091 quae
1704 1049 1809 1078 con·

455 1101 649 1143 sentanea
679 1111 839 1144 naturae
869 1103 940 1155 est,
973 1111 1018 1145 et
1044 1103 1150 1160 ejus,
1177 1118 1274 1160 quae
1301 1101 1608 1166 permutatione
1637 1102 1808 1146 constat.

454 1168 559 1210 Eam
588 1168 700 1222 dico,
722 1183 817 1226 quae
844 1170 1064 1226 pecuniam
1097 1184 1122 1211 e
1150 1177 1274 1222 terra,-
1295 1179 1420 1226 atque
1438 1183 1492 1211 ex
1512 1167 1563 1210 iis
1581 1183 1674 1225 quae
1698 1177 1810 1212 terra

454 1243 552 1283 nata
572 1236 679 1288 sunt,
700 1237 864 1293 quaerit,
886 1236 1026 1280 fructu
1055 1236 1293 1279 carentibus
1323 1235 1496 1293 quidem
1527 1235 1636 1293 illis,
1645 1236 1714 1286 sed
1743 1245 1807 1279 ta-

454 1317 552 1345 men
567 1295 775 1346 milibus:
807 1303 941 1360 qualis
961 1305 1016 1345 est
1035 1303 1157 1361 sylvae
1189 1303 1267 1345 five
1295 1301 1481 1346 materiae
1499 1302 1671 1356 excifio,
1682 1294 1726 1348 et
1743 1303 1809 1347 and

453 1368 608 1420 omnis,
642 1384 737 1425 quae
771 1369 824 1411 ad
858 1369 1121 1412 metallorum
1159 1369 1412 1411 effoffionem
1445 1368 1640 1425 pertinet.
1697 1369 1809 1413 Haec

451 1435 773 1479 autemmulta
755 1451 846 1493 Jam
866 1435 1162 1492 compleRitur
1179 1450 1348 1492 genera.
1376 1435 1565 1479 Multae&
1580 1435 1698 1483 enim
1710 1430 1809 1484 sunt

451 1517 598 1546 eorum
632 1519 728 1560 quae
756 1519 780 1545 e
808 1511 917 1545 terra
937 1503 1206 1556 effodiuntur,
1225 1517 1364 1545 rerum
1392 1502 1555 1555 foimae,
1577 1503 1808 1561 multaque

450 1570 620 1626 species.
680 1572 748 1613 De
767 1585 1016 1628 unaquaque
1035 1585 1159 1627 porro
1187 1569 1536 1622 harumsdidlum
1555 1570 1737 1629 quidem
1750 1571 1809 1614 est

448 1638 636 1681 universe
663 1639 791 1681 etiam
819 1653 961 1681 nunc:
992 1634 1197 1681 subtiliter
1214 1646 1375 1690 autem,
1394 1637 1637 1682 etvtenuiter
1654 1639 1807 1699 'fingu-

447 1705 509 1748 las
530 1715 666 1763 partes
703 1707 999 1764 persequendo,
1019 1707 1073 1748 de
1104 1706 1156 1748 iis
1186 1706 1410 1763 disputare,
1437 1705 1679 1751 utilejllud
1706 1706 1804 1764 qui-s

447 1773 546 1816 dem
560 1775 621 1818 ‚est
640 1774 692 1816 ad
711 1788 856 1831 operas
876 1783 920 1816 et
938 1774 1193 1826 effectiones,
1225 1774 1298 1817 sed
1327 1773 1371 1815 in
1397 1773 1459 1816 eis
1482 1773 1723 1826 immorariff
1737 1775 1805 1829 ἰηῇ

446 1849 593 1897 eptum
623 1857 672 1884 ac
701 1841 916 1900 putidum.
975 1843 1085 1884 Sunt
1112 1852 1252 1884 autem
1282 1856 1344 1883 eae
1372 1856 1509 1898 operae
1533 1841 1804 1890 artificiofiffi-

446 1909 546 1961 mae‘,
567 1909 610 1951 in
630 1910 785 1967 quibus
814 1910 1039 1952 minimum
1059 1909 1239 1952 fortunae
1257 1908 1451 1952 relietum
1470 1910 1527 1951 est
1545 1908 1644 1952 loci.
1671 1938 1674 1945 n
1700 1910 1806 1953 Sor-‘-

445 1976 663 2019 didiffimae
683 1992 795 2030 vero,
816 1977 859 2018 in
881 1977 1035 2034 quibus
1063 1991 1238 2034 corpora
1256 1975 1742 2032 maximedeformantui·
1760 1985 1805 2020 et

445 2053 786 2100 corrumpuntur.
846 2043 1118 2086 Serviliffimae
1136 2058 1291 2100 porro,
1320 2044 1365 2086 in
1398 2043 1552 2100 quibus
1580 2058 1807 2101 corporum

445 2109 652 2167 plurimus
674 2112 729 2152 est
748 2111 860 2153 usus.
920 2111 1235 2168 Ignobiliffitnae
1262 2110 1446 2168 denique
1470 2111 1514 2153 in
1534 2111 1691 2168 quibus
1718 2111 1806 2157 mi-

445 2179 609 2221 nimum
630 2187 832 2235 praeterea
849 2179 1011 2221 virtutis
1036 2178 1276 2237 requiritur.
1335 2178 1551 2226 Quoniam
1573 2187 1715 2222 autem
1736 2178 1804 2227 his

445 2246 499 2288 de
517 2248 641 2288 rebus
661 2261 685 2288 a
703 2246 916 2288 nonnullis
934 2246 1132 2303 scriptum
1152 2247 1233 2298 est,
1250 2254 1310 2293 ,ut
1338 2261 1364 2288 a
1393 2245 1573 2289 Charete
1602 2245 1803 2299 Pario5et

364 2317 429 2358 25
446 2315 499 2356 ab
532 2314 794 2371 Apollodoro
828 2313 1021 2367 Lemnio,
1051 2314 1105 2356 de
1135 2313 1393 2371 agricultura
1425 2322 1518 2356 tum
1551 2313 1679 2366 nuda,
1709 2322 1803 2358 tum

443 2382 601 2423 consita
619 2396 668 2423 ac
689 2382 843 2436 vestita,
873 2381 1061 2438 itemque
1079 2382 1133 2423 ab
1154 2381 1246 2423 aliis
1271 2381 1325 2433 de
1354 2381 1474 2423 aliis:
1505 2381 1598 2424 haec
1626 2375 1802 2438 quiden!

441 2463 495 2493 ex
529 2449 596 2490 his
626 2448 866 2505 cognoscat,
901 2449 972 2491 cui
1000 2464 1050 2491 ea
1077 2448 1180 2491 scire
1212 2463 1324 2491 curae
1356 2451 1441 2492 est:
1466 2458 1673 2507 praeterea
1701 2460 1801 2492 vero

440 2516 567 2558 etiam
590 2526 689 2572 quae
707 2515 880 2571 disperse
901 2515 1115 2568 dicuntur,
1136 2516 1293 2572 quibus
1310 2515 1445 2572 aliqui
1463 2516 1652 2572 pecuniae
1679 2522 1800 2573 quae'-

438 2584 580 2627 rendae
603 2584 826 2635 studentes,
847 2598 936 2626 rem
955 2583 1070 2626 suam
1090 2584 1198 2625 bene
1215 2591 1260 2634 et
1279 2598 1331 2625 ex
1350 2583 1554 2626 sententia
1571 2583 1802 2641 gefferunm

440 2666 490 2694 ea
515 2651 717 2709 colligere
748 2660 943 2708 oportet:
975 2651 1065 2692 haec
1091 2651 1204 2693 enim
1225 2651 1368 2692 omnia
1387 2648 1438 2692 ii's
1458 2650 1578 2701 utilia
1596 2650 1706 2702 sunt,
1726 2649 1800 2706 qui

439 2718 620 2760 studium
644 2719 850 2776 ¹pecuniae
887 2718 1124 2775 quaer-endae
1162 2717 1485 2774 magnifaciunt.
1547 2716 1803 2774 CujusmOd'x

437 2775 496 2826 est
515 2784 641 2827 etiam
663 2785 768 2829 illud
787 2785 975 2836 Thaletis
997 2784 1151 2838 Milesii
1175 2788 1292 2840 (nam
1311 2785 1394 2828 hoc
1420 2785 1636 2830 inventum
1655 2784 1801 2842 quoda
