1898 3308
0 1676 26 1730 21

481 182 575 232 DE
611 186 1044 231 'REPUBLICA
1089 184 1167 231 IV.
1198 198 1243 243 4.
1402 231 1406 238 ,
1467 199 1553 245 499

165 304 318 355 &lits
343 309 548 354 conflatas
576 318 621 353 et
648 317 920 368 temperatas,
938 325 1083 354 earum
1116 310 1370 354 nominibus
1389 309 1555 369 ju'nffie

160 371 403 439 '‘fippellant.
459 379 561 422 Hoc
589 378 723 436 igitur
750 377 881 421 modo
906 377 963 422 de
988 377 1237 436 reipublicae
1258 379 1554 422 administran-

169 445 406 492 'dffformis
435 449 743 492 consueverunt
770 449 960 492 maxime
989 448 1241 505 existimare.·
1301 447 1386 491 Sed
1416 448 1557 490 verius

169 510 388 560 etmelius
414 516 472 560 est
500 516 562 560 ita
588 516 746 570 dicere,
777 515 1142 575 quemadmodum
1170 515 1401 574 partientes
1421 527 1556 572 expo-

169 583 348 638 sszimus,
367 593 442 630 aut
459 585 583 638 duas,
603 593 680 629 aut
698 600 828 629 unam
850 584 931 628 efl'e
949 584 1196 643 reipublicae
1217 584 1557 627 administrandae

167 652 350 698 formam
379 654 494 698 reae
525 653 775 708 institutam,
803 668 1021 712 unamque
1044 653 1312 697 harmoniam
1333 651 1492 695 restam
1510 661 1556 695 et

167 721 418 781 perfectam,
438 731 616 766 caeteras
644 722 725 767 effe
751 738 778 766 a
806 722 935 766 rectis
953 722 1240 765 aberrationes
1269 736 1319 764 ac
1347 720 1552 764 deflexio-

169 802 247 835 nes
269 802 280 834 ε
311 790 389 834 has
415 790 591 850 quidem
611 791 666 834 ab
687 790 909 834 harmonia
927 791 1039 834 bene
1059 798 1308 848 temperata,
1329 789 1423 833 illas
1453 803 1553 832 vero
1572 795 1632 838 13
1643 790 1670 846 7

169 858 227 902 ab
245 859 410 919 optima.
433 859 682 918 reipublicae
708 858 1048 902 administrandae
1074 859 1238 902 forma:
1271 857 1555 917 oligarchicas

167 940 258 981 eas,
278 941 376 986 quae
394 927 490 971 sunt
510 927 818 982 contentiores,
847 936 892 971 et
920 927 1019 986 plus
1050 927 1188 970 nimio
1206 927 1361 972 heriles
1378 942 1389 970 ε
1407 940 1559 984 ¹popu·

167 993 291 1049 hres,
311 1009 383 1039 eas
400 1009 498 1055 quae
517 995 615 1040 sunt
631 995 879 1040 remiffiores
898 1005 944 1038 et
959 994 1192 1039 molliores*

766 1142 1044 1172 ,,,,

720 1269 880 1336 cAJ'.
925 1261 1006 1313 Ν.

166 1352 393 1443 ἴΪιιῙςαν-ιηι
409 1379 455 1428 in
470 1378 707 1444 definiendis
735 1385 974 1428 democratia
993 1392 1031 1427 et
1051 1378 1274 1444 ‹alig-archia
1295 1394 1463 1428 errorem
1483 1391 1557 1428 no-

167 1500 172 1502 .
223 1460 302 1497 tat.
350 1454 522 1507 ‚Deinde
540 1455 647 1497 docet
678 1454 749 1512 ff
768 1453 908 1513 plures
934 1467 1053 1512 quam
1071 1470 1164 1512 quae
1181 1454 1358 1512 expositae
1370 1454 1462 1511 stnt
1481 1446 1558 1497 ad-

221 1519 499 1578 minssrandae
523 1521 754 1580 reipublicae
772 1521 938 1581 speciae,
958 1529 996 1563 et
1016 1538 1136 1581 quam
1164 1522 1211 1565 ob
1239 1523 1412 1581 causam.
1473 1523 1556 1565 Po-

131 1609 134 1612 *
209 1586 356 1646 strenze
374 1588 776 1648 dmocratiaespecies
796 1588 984 1648 explicat.

223 1679 360 1724 NON
378 1687 548 1738 oportet
574 1688 720 1724 autem
749 1679 1055 1724 democratiam
1076 1681 1255 1725 statuere
1275 1679 1335 1725 ita
1354 1673 1557 1741 fimpliciss

162 1755 248 1800 ter,
269 1755 321 1791 ut
339 1762 454 1791 nunc
482 1747 618 1791 solent
644 1748 836 1807 quidam,
855 1763 968 1803 eam,
988 1748 1032 1793 in
1053 1765 1139 1808 qua
1158 1764 1288 1808 penes
1308 1751 1556 1795 multitudi-

166 1830 266 1859 nem
300 1816 522 1861 arbitrium
555 1826 601 1861 et
631 1817 860 1869 auctoritas
890 1817 977 1861 est:
1015 1822 1133 1875 (nam
1159 1819 1290 1861 etiam
1320 1819 1364 1862 in
1394 1820 1557 1878 oligar-¹

162 1884 292 1940 chiis,
312 1895 358 1929 et
379 1885 545 1945 ubique
573 1901 703 1944 penes
733 1886 939 1946 majorem
971 1897 1133 1944 partem
1164 1888 1389 1932 arbitrium
1409 1899 1455 1932 et
1475 1905 1555 1948 po·

163 1955 290 1998 testas
307 1955 382 2011 est)
396 1969 544 2013 vneque
561 1955 860 2014 oligarchiam,
880 1955 955 1998 ubi
977 1971 1104 2013 penes
1128 1972 1285 2014 paucos
1306 1958 1557 2017 reipublicae

164 2021 503 2067 administrandae
522 2024 703 2082 potestas
733 2024 803 2066 est.
865 2024 910 2066 Si
943 2024 1060 2068 enim
1081 2026 1212 2068 essent
1242 2026 1419 2069 universi
1440 2027 1557 2070 cives

161 2091 282 2135 mille
300 2092 500 2147 trecenti,
518 2102 566 2136 et
585 2107 636 2135 ex
657 2091 725 2135 his
743 2092 864 2136 mille
883 2093 1038 2137 divites
1055 2110 1066 2136 ε
1099 2109 1240 2152 neque
1261 2095 1428 2153 imperii
1458 2112 1554 2154 par·

162 2160 316 2220 ticipes
337 2160 527 2206 facerent
546 2169 762 2205 trecentos
781 2170 826 2204 et
846 2176 1068 2220 pauperes,
1085 2165 1362 2221 quantumvis
1379 2165 1553 2219 liberos,

162 2238 208 2274 et
237 2239 391 2286 caetera
420 2230 606 2273 fimiles:
637 2245 768 2273 nemo
801 2231 881 2274 hos
911 2230 1067 2275 dixerit
1098 2232 1347 2291 popularem
1377 2234 1552 2292 reipub-

161 2298 260 2342 licae
290 2298 628 2342 administrandae
663 2298 844 2342 formam
880 2300 1092 2357 usurpare.
1154 2303 1348 2361 Itemque
1383 2304 1408 2346 fi
1447 2320 1552 2362 pau-

161 2367 437 2426 perespauci
468 2367 616 2421 essent,
644 2377 688 2411 et
719 2377 864 2410 tamen
893 2368 1182 2427 locupletibus
1211 2371 1405 2429 pluribus
1426 2374 1551 2432 supe·

159 2436 294 2480 riores
331 2451 381 2480 ac
418 2436 709 2495 potentiores:
762 2450 891 2479 nemo
930 2437 1042 2482 hanc
1082 2439 1327 2498 reipublicae
1367 2441 1551 2485 admini-

160 2504 335 2548 strandae
366 2503 566 2557 formam,
597 2504 880 2563 oligarchiam
909 2506 1150 2564 appellarit,
1172 2523 1311 2566 neque
1341 2508 1455 2552 hane
1485 2519 1550 2553 ta*

159 2571 264 2626 lem,
293 2571 337 2614 in
376 2585 463 2629 qua
495 2571 678 2614 bonores
712 2586 812 2614 cum
848 2571 960 2625 aliis,
989 2572 1065 2630 qui
1101 2573 1256 2620 divites
1290 2575 1438 2630 effent,
1465 2590 1552 2620 non

160 2640 595 2684 communicarentur.
654 2639 902 2684 Dicendum
937 2641 1072 2698 igitur
1105 2643 1249 2701 potius
1284 2645 1358 2698 est,
1399 2644 1553 2689 demo-

160 2709 334 2753 cratiam
355 2709 451 2763 effe,
473 2724 574 2760 eum
595 2723 725 2768 penes
745 2709 904 2752 liberoa
922 2709 1087 2753 summa
1108 2726 1250 2755 rerum
1270 2714 1451 2772 potestas
1469 2716 1551 2757 ests

158 2777 456 2837 oligarcbiam‚
479 2792 583 2821 cum
612 2792 744 2835 penes
772 2777 942 2822 divites·
1001 2779 1136 2824 Quod
1156 2790 1300 2824 autem
1333 2781 1395 2824 illi
1425 2784 1555 2827 multi

159 2846 271 2902 sunt,
291 2846 337 2891 hi
355 2846 497 2906 pauci,
516 2846 600 2891 boc
629 2846 690 2891 ita
717 2845 829 2891 forte
851 2846 1015 2892 evenit.
1074 2848 1189 2911 Nam
1221 2849 1345 2896 liberi
1374 2851 1553 2909 quidem

790 2925 824 2958 x
846 2914 876 2957 k
898 2927 923 2959 2

1700 1271 1770 1312 lv.
