1898 3308
303 186 400 235 m:
441 188 644 236 cURA
680 187 807 232 am
848 187 1018 232 FAM.
1065 187 1102 231 1.
1132 199 1176 245 3.
1355 188 1438 243 ⁶7¹

106 327 209 370 w}
242 344 244 346 ·
600 381 758 427 CAP.
804 381 891 425 111.
1034 363 1037 367 ’
1201 365 1206 373 ’
1585 375 1662 419 111.
1703 394 1712 403 ·

113 497 262 543 Altera
279 497 415 542 domus
430 509 545 558 pars,
569 498 712 551 Homo,
735 505 772 540 et
793 497 842 539 de
861 494 984 553 qffi'cio
1004 492 1141 537 mariti
1160 501 1197 536 et
1216 496 1368 538 uxoris.

105 586 187 630 Ex
206 586 260 631 iis
282 602 381 631 vero
409 603 506 647 quae
535 588 591 632 ad
620 588 820 631 homines
850 586 1080 645 pertinent,
1104 585 1242 643 prima
1266 585 1322 627 est
1343 599 1443 628 cura
1460 591 1486 633 3
1495 591 1566 646 29

50 654 344 714 οοιιιρὶεᾶεηε
375 672 566 701 uxorem.
625 657 740 700 Nam
763 654 965 700 naturalis
986 654 1160 697 societas
1182 654 1365 696 maxime
1386 655 1445 697 est

3 748 10 763 0
49 721 162 766 inter
193 717 413 768 foeminam
447 733 492 768 et
521 740 701 768 marem.
761 726 908 782 Atque
929 724 972 766 in
993 723 1090 766 aliis
1120 736 1293 780 quoque
1318 723 1444 765 nobis

47 792 313 851 propolitum
342 794 416 847 est,
436 793 552 852 quod
581 794 683 837 talia
713 794 851 836 multa
879 801 1052 850 expetat
1085 801 1233 834 natura
1260 791 1443 844 efficere,

2 883 10 917 χ
48 861 414 919 quemadmodum
446 872 491 906 et
521 862 705 921 fing'ulas
734 862 990 905 animantes.
1051 859 1166 904 Fieri
1190 869 1333 903 autem
1363 876 1442 904 ne·

10 958 14 986 ;
49 929 149 988 quit
165 937 216 974 ut
233 929 318 974 hoc
337 931 526 975 absolvat
546 931 720 974 foemina
739 932 895 989 absque
926 945 1056 983 mare,
1077 939 1151 972 aut
1171 945 1264 972 mas
1285 930 1445 988 absque

0 991 5 1010 ³
48 995 257 1050 finm'mm
303 999 435 1044 Unde
456 999 680 1043 necesshria
699 1001 755 1043 est
774 1000 929 1043 horum
950 998 1162 1042 societatis
1182 997 1445 1040 constitutio.

43 1062 104 1107 'In
133 1065 301 1109 eaeteris
333 1066 511 1125 quidem
543 1067 830 1110 animantibus
858 1074 973 1109 extat
994 1065 1077 1108 hoc
1098 1065 1181 1107 fine
1201 1064 1380 1118 ratione,
1401 1072 1449 1107 et

51 1140 245 1186 eatenus,
264 1135 408 1194 quoad
426 1135 510 1179 fert
528 1144 679 1179 natura
697 1135 896 1193 ipsarum,
918 1145 963 1178 et
982 1134 1260 1192 procurandae
1289 1133 1448 1178 sobolis

50 1201 191 1260 gratia
209 1210 395 1248 tantum.
455 1205 506 1247 In
536 1204 588 1247 iis
620 1219 719 1248 vero
750 1219 848 1262 quae
878 1204 1108 1259 mansuetae
1127 1203 1224 1246 sunt
1243 1211 1288 1246 et
1307 1203 1450 1261 magis

31 1276 33 1279 “
53 1269 222 1315 callidae
241 1281 370 1331 atque
390 1272 637 1332 prudentes,
658 1271 889 1331 perfefflus
909 1272 992 1316 hoc
1012 1273 1086 1315 est.
1138 1273 1387 1330 Apparentq
1395 1286 1449 1316 ue

52 1337 100 1382 in
131 1339 196 1384 eis
222 1340 470 1400 adjumenta
500 1351 653 1394 mutua
682 1341 1009 1394 benevolentiae,
1035 1350 1080 1384 et
1110 1356 1291 1399 operum
1322 1355 1447 1383 com-

53 1409 199 1454 munis
217 1409 352 1455 labor.
413 1411 466 1455 Id
491 1411 609 1469 quod
638 1411 824 1454 maxime
854 1411 898 1453 in
928 1410 1158 1453 hominum
1178 1425 1337 1468 genere
1356 1409 1448 1453 evi-

53 1476 162 1526 dens
197 1479 270 1522 est.
329 1479 432 1523 Non
466 1479 580 1524 enim
614 1479 659 1522 in
694 1479 780 1522 hoc
814 1489 983 1522 tantum
1019 1479 1147 1521 maris
1181 1487 1226 1521 et
1259 1477 1450 1521 foeminae

20 1570 31 1575 ν
55 1545 305 1604 conjunfflo
340 1546 385 1590 in
415 1561 470 1590 eo
500 1546 649 1590 efficax
687 1547 758 1600 est,
795 1556 843 1589 ut
875 1546 964 1589 vita
991 1557 1267 1604 propagetur,
1298 1545 1367 1588 sed
1401 1553 1453 1589 ut

58 1613 170 1658 bene
189 1615 319 1659 etiam
339 1614 538 1673 degatur.
598 1616 657 1658 Et
677 1615 862 1659 liberum
882 1615 1121 1672 procreatio
1151 1629 1236 1657 non
1266 1613 1454 1672 pertinet

58 1690 231 1727 tantum
261 1683 317 1727 ad
345 1683 603 1742 explendum
637 1699 796 1728 munus
828 1695 1006 1737 naturae,
1036 1685 1106 1728 sed
1134 1685 1188 1728 ad
1219 1685 1453 1729 utilitatem

58 1765 251 1810 quoque.
310 1752 457 1797 Quem
490 1752 679 1796 laborem
711 1753 825 1796 enim
860 1753 1111 1797 valentiores
1146 1754 1452 1797 infirmioribus

59 1818 333 1879 impendunt,
356 1821 448 1881 ejus
479 1822 670 1867 frustum
701 1823 916 1881 recipiunt
944 1823 1074 1866 effoeti
1105 1823 1148 1866 in
1179 1823 1396 1867 sene&ute
1426 1838 1454 1868 a

62 1889 390 1935 valentioribus.
438 1891 577 1936 Simul
597 1891 726 1935 etiam
746 1893 831 1950 ipsa
851 1902 1002 1935 natura
1020 1892 1104 1936 hoc
1125 1893 1308 1935 circuitu
1329 1907 1452 1936 com-

59 1959 153 2017 plet
185 1961 515 2020 perpetuitatem
551 1962 679 2006 vitae:
709 1962 847 2020 specie
881 1962 1103 2016 nimirum,
1135 1978 1235 2006 cum
1268 1971 1455 2021 nequeat

59 2041 259 2073 numero.
307 2030 456 2089 Atque
474 2030 549 2074 ista
566 2031 731 2074 ratione
751 2030 972 2089 dispositus
991 2032 1048 2074 est
1064 2046 1089 2074 a
1108 2031 1286 2074 numine
1305 2031 1455 2075 divino

59 2103 152 2139 tam
183 2097 313 2141 maris
348 2113 481 2156 quam
516 2099 706 2142 foeminae
740 2101 861 2142 sexus
891 2099 1138 2158 singillatim
1167 2100 1221 2143 ad
1255 2115 1454 2143 commu-

61 2163 250 2210 nionem.
309 2157 383 2210 Si'o
415 2167 531 2210 enim
564 2167 694 2211 divisa
725 2167 821 2211 sunt
850 2169 1010 2222 omnia,
1031 2178 1080 2211 ut
1111 2184 1196 2211 non
1219 2169 1333 2212 idem
1357 2169 1456 2213 usus

61 2233 114 2278 fit
142 2233 360 2279 facultatis
386 2235 575 2289 illorum,
594 2251 695 2280 cum
728 2237 924 2294 quaedam
954 2238 997 2280 in
1028 2237 1240 2280 contraria
1263 2248 1453 2296 vergant,

33 2327 35 2330 .
61 2318 161 2364 quae
180 2304 269 2363 ipsa
287 2314 432 2348 tamen
451 2306 713 2349 contendant
733 2306 901 2349 eodem.
950 2307 1125 2349 Etenim
1149 2317 1298 2349 natura
1318 2322 1454 2350 unum
1470 2315 1576 2358 330

39 2375 41 2378 ⁴
60 2371 204 2418 sexum
226 2373 330 2418 fecit
348 2374 639 2426 robustiorem,
659 2375 986 2418 imbecilliorem
1005 2375 1186 2418 alterum
1197 2392 1211 2428 3
1242 2386 1290 2418 ut
1311 2376 1382 2419 hic
1402 2377 1458 2420 ad

63 2442 357 2489 custodiendas
387 2457 454 2486 res
483 2452 656 2501 propter
684 2444 915 2497 timorem3
947 2443 1019 2486 hic
1045 2454 1217 2502 propter
1237 2443 1458 2489 fortitudi-

62 2519 163 2557 nem
193 2510 248 2556 ad
265 2512 636 2571 vpropugnandum
657 2513 796 2572 magis
825 2513 926 2556 effet
955 2512 1135 2557 idoneus
1150 2531 1164 2568 3
1195 2513 1388 2573 itemque
1410 2523 1462 2559 ut

49 2577 139 2627 Jme
157 2579 262 2624 foris
281 2588 401 2638 parta
420 2581 604 2634 afferret,
626 2581 698 2625 hic
719 2582 835 2625 intus
859 2581 1120 2625 conservaret
1142 2582 1283 2626 allata.
1344 2585 1458 2627 Prae-

39 2637 51 2647 '
66 2654 181 2693 terea
198 2649 337 2692 voluit
354 2649 470 2692 hunc
489 2649 543 2693 ad
565 2664 693 2707 opera
713 2642 920 2704 facienda,
943 2665 1042 2694 eum
1074 2651 1148 2708 qui
1178 2651 1458 2695 assiduitatem

0 2703 258 2775 ·³‘f-proebere
278 2717 429 2770 valeat,
450 2717 521 2762 sed
549 2718 603 2761 ad
633 2719 934 2762 excubandum
965 2718 1066 2762 foris
1097 2719 1314 2763 infirmum
1347 2721 1428 2764 effe
1446 2738 1459 2764 z
1494 2754 1500 2760 .

0 2812 2 2820 r
35 2802 38 2803 ⁷
68 2782 193 2830 illum
213 2785 265 2830 ad
285 2787 477 2844 quietem
509 2786 652 2830 minus
680 2796 843 2844 aptum,
866 2787 934 2831 sed
965 2787 1038 2846 qui
1073 2789 1184 2831 bona
1215 2788 1461 2833 valetudine

43 2851 46 2856 ’
70 2849 121 2895 fit
146 2851 203 2897 ud
233 2853 559 2899 exercitationes
591 2865 636 2898 et
667 2863 829 2900 motus.
887 2856 959 2900 Ad
989 2856 1146 2900 liberos
1176 2856 1307 2900 etiam
1340 2858 1461 2915 quod
