1898 3308
5 0 143 155 ἶ]

23 150 46 170 ,ν’

19 171 24 178 ,
38 168 43 174 .

106 314 341 368 mum
359 318 485 368 terra,
507 315 570 358 ita
588 322 634 358 et
652 313 775 358 mari.
835 312 968 358 Quod
987 320 1130 357 autem
1160 314 1214 356 ad
1243 313 1493 357 multitudi-

105 383 210 432 ἰαί
241 394 287 430 et
314 383 660 443 magnitudinem
691 382 843 424 harum
873 380 1089 438 copiarum
1117 381 1286 433 attinet,
1312 383 1366 424 ad
1395 382 1495 426 vitae

106 456 248 514 genus
274 452 391 512 quod
415 452 610 510 sequitur
637 450 805 504 civitas,
826 449 956 508 hujus
983 448 1047 492 rei
1069 448 1284 507 judicium
1307 451 1494 495 referen-

107 521 225 567 dum’
247 523 319 566 est.
379 521 495 564 Nam
524 520 551 562 fi
583 518 716 562 vitam
741 517 996 577 principatui
1027 517 1354 560 convenientem
1375 520 1497 564 fimul

109 597 161 634 et
180 589 352 634 civilem
375 589 514 642 colet,
546 587 709 631 neceffe
733 586 815 630 erit
846 586 975 629 etiam
1005 585 1081 628 has
1106 585 1250 643 copias
1279 585 1319 628 ei
1347 587 1498 644 suppe-

10 681 14 689 ⁸
35 663 37 666 ⁴
106 665 215 712 tere,
237 673 335 718 quae
353 657 407 701 ad
427 672 494 700 res
513 656 722 716 gerendas
749 653 1041 713 magnitudini
1067 653 1252 697 civitatis
1271 668 1501 713 rerumque

109 727 394 787 gerendarum
413 734 667 784 congruant.
728 726 888 782 Ingens
915 732 1060 766 autem
1090 723 1319 766 hominum
1348 723 1500 767 multi-

415 192 510 238 DE
550 189 981 235 REPUBLICA
1022 189 1129 234 VII.
1160 201 1223 261 7.Ἰ
1404 193 1518 252 619.

109 795 235 849 tudo,
270 810 368 855 quae
401 794 586 838 versatur
619 793 663 836 in
702 792 883 851 negotio
915 801 961 834 et
995 792 1276 835 instrumento
1309 792 1501 847 nautico,

109 863 358 908 civitatibus
376 862 599 906 neceffaria
625 877 712 904 non
741 862 797 904 est
816 877 828 903 ε
860 860 979 903 nulla
1006 860 1122 903 enim
1143 861 1187 903 in
1208 868 1329 919 parte
1348 860 1501 904 civita-

109 932 169 976 tis
200 931 412 976 numerari
445 930 620 974 debent.
679 931 794 973 Nam
826 930 1017 973 vectores
1045 929 1236 987 quidem,
1267 929 1344 988 qui
1373 945 1503 974 naves

111 1000 405 1045 conscendunt
422 1009 474 1044 ut
491 1000 758 1058 depugnent,
778 998 903 1041 liberi
931 998 1044 1051 sunt,
1064 1006 1108 1041 et
1128 1013 1152 1041 e
1173 1013 1354 1041 numero
1377 999 1501 1056 pedi-

111 1076 206 1113 tum
227 1086 240 1113 ε
269 1069 520 1128 habentque
549 1069 595 1112 in
626 1068 723 1111 illos
751 1067 1033 1126 potestatem:
1065 1075 1109 1110 et
1136 1067 1181 1110 in
1211 1075 1304 1110 tota
1323 1068 1502 1126 naviga..

111 1137 233 1181 tione
249 1137 542 1190 dominantur,
563 1144 607 1180 et
624 1136 906 1195 principatum
930 1142 1094 1178 tenent.
1155 1136 1268 1178 Cum
1290 1136 1338 1179 fit
1356 1145 1503 1180 autem

112 1206 352 1250 accolarum
382 1214 428 1249 et
455 1220 606 1249 eorum
634 1204 710 1263 qui
740 1218 893 1262 agrum
912 1203 1078 1256 colunt,
1097 1203 1350 1257 multitudo,
1372 1205 1503 1248 etiam

113 1285 340 1321 nautarum
360 1284 406 1319 et
426 1274 782 1318 naviculariorum
811 1287 969 1330 magna
990 1272 1038 1315 fit
1059 1272 1183 1329 copia
1201 1281 1246 1315 et
1265 1273 1506 1331 frequentia

115 1345 279 1389 neeesse
296 1345 370 1389 est.
428 1344 578 1403 Atque
611 1343 694 1386 hoc
724 1342 854 1385 etiam
885 1355 1001 1384 nunc
1029 1339 1143 1398 apud
1172 1341 1402 1385 nonnullos
1427 1343 1506 1387 usu

113 1421 335 1472 receptum
355 1413 437 1456 effe
454 1410 650 1455 videmus
668 1425 680 1453 ε
712 1408 897 1467 exempli
927 1408 1064 1461 causa,
1084 1408 1127 1451 in
1149 1409 1505 1456 Heracleotarum

16 1535 21 1541 Ἰ
115 1481 321 1526 civitate:
351 1480 511 1525 multas
540 1479 658 1523 enim
686 1479 879 1522 triremes
900 1477 1122 1530 instruunt,
1141 1478 1336 1534 quamvis
1356 1479 1508 1524 urbem

13 1551 38 1590 ff
114 1550 423 1595 habeantaliis
451 1550 678 1592 minorem.
737 1548 807 1590 De
834 1546 927 1604 agri
956 1546 1106 1603 igitur,
1128 1547 1209 1590 five
1236 1546 1442 1607 regionis,
1464 1557 1510 1592 et

68 1670 71 1673 ,
118 1628 242 1663 terroe
269 1627 434 1672 natura,
461 1627 506 1661 et
534 1617 758 1675 portubuS,
790 1623 836 1658 et
862 1614 1058 1667 urbibus,
1079 1623 1123 1658 et
1150 1615 1275 1668 mari,
1302 1625 1346 1659 et
1375 1616 1510 1674 copiis

119 1687 357 1740 navalibus,
376 1687 437 1730 ita
453 1686 504 1729 fit
520 1684 796 1743 explicatum.
854 1684 925 1726 De
954 1683 1069 1726 civili
1096 1698 1195 1726 vero
1213 1684 1504 1745 multitudine,

120 1755 221 1822 quis
236 1755 393 1800 modus
411 1755 453 1799 ei
472 1755 522 1798 fit
535 1751 870 1805 constituenduS,
893 1759 1016 1794 antea
1034 1751 1238 1797 diximus.

721 1869 923 1897 -ᾴι-

667 1965 706 2009 C
720 1965 763 2008 A
778 1965 825 2007 P.
871 1964 978 2008 VII.
1636 1974 1729 2016 vni

227 2081 352 2128 Quali
367 2088 520 2125 natura
539 2088 612 2124 aut
631 2079 788 2139 ingenio
805 2079 992 2139 praeditos
1012 2086 1187 2137 oporteat
1204 2079 1276 2138 ff
1292 2079 1413 2124 cives.

181 2172 379 2218 QUALI
408 2177 553 2214 autem
585 2178 738 2213 natura
765 2177 840 2213 aut
869 2168 1046 2228 ingenio
1065 2168 1268 2227 praeditos
1293 2169 1374 2214 effe
1402 2170 1516 2216 cives
1529 2181 1630 2235 271

125 2249 336 2302 oporteat,
369 2254 487 2283 nune
521 2253 801 2297 exponamus.
858 2239 1008 2296 Atque
1042 2237 1127 2280 hoc
1159 2238 1255 2281 sane
1286 2253 1516 2301 propemo-

127 2309 233 2354 dum
251 2309 350 2368 quis
368 2306 600 2366 intelligat,
621 2307 648 2349 fi
669 2315 713 2350 et
732 2306 926 2350 civitates
948 2307 1199 2349 Graecorum
1225 2306 1339 2350 fama
1356 2307 1519 2367 gloria-

128 2394 216 2440 que
234 2379 501 2438 praestantes:
533 2385 580 2420 et
605 2375 847 2419 universum
877 2377 1026 2419 orbem
1056 2385 1279 2430 terrarum,
1299 2377 1374 2435 qui
1393 2378 1520 2423 inco-

128 2449 250 2500 litur,
269 2457 321 2492 ut
338 2461 364 2490 a
380 2445 548 2490 diverfis
577 2460 628 2488 ac
657 2445 783 2488 variis
812 2445 1016 2503 gentibus
1043 2453 1278 2504 occupatus
1297 2446 1370 2500 est,
1390 2447 1521 2507 inspi-

131 2517 235 2562 ciat.
295 2516 411 2560 Quae
429 2514 545 2558 enim
568 2522 721 2573 gentes
742 2514 788 2556 in
808 2514 916 2557 locis
936 2513 1119 2571 frigidis,
1140 2529 1327 2573 quaeque
1355 2515 1401 2558 in
1429 2518 1522 2560 Eu-

129 2600 235 2645 ropa
250 2585 462 2637 habitant,
480 2583 613 2626 animi
631 2582 807 2641 quidem
828 2590 873 2625 et
892 2582 1052 2625 ardoris
1066 2582 1203 2640 plenae
1223 2582 1336 2637 sunt,
1354 2584 1524 2643 cogita-

133 2655 264 2700 tionis
283 2669 385 2699 vero
404 2662 448 2697 et
466 2652 567 2696 artis
582 2652 804 2711 aliquanto
823 2651 1048 2696 inaniores.
1110 2651 1327 2696 Quocirca
1344 2653 1524 2698 liberta-

133 2733 226 2769 tem
257 2724 435 2784 quidem
469 2723 610 2782 magis
642 2723 824 2765 retinere
851 2721 1001 2774 solent,
1022 2721 1280 2780 respublicas
1308 2737 1409 2766 vero
1431 2723 1527 2767 suas

136 2792 281 2837 minus
309 2794 418 2836 bene
448 2791 750 2843 administrare,
782 2805 862 2832 nec
892 2790 1086 2833 finitimis
1114 2790 1321 2848 imperare
1340 2792 1525 2850 pofl'unt.

138 2860 253 2909 Quae
284 2869 430 2905 autem
461 2860 603 2904 Afiam
632 2858 843 2914 incolunt,
863 2868 1008 2903 mente
1038 2858 1135 2904 sunt
1161 2858 1246 2904 illae
1274 2858 1452 2919 quidem
1480 2859 1527 2903 in
