1898 3308
427 157 514 217 694
860 145 1358 208 Anisa-orans

425 277 544 326 tibus
576 281 892 327 necessariorum
927 286 1098 342 penuria
1129 286 1208 331 effe
1239 286 1370 344 coepit
1402 286 1444 329 in
1476 284 1630 339 castris,
1654 281 1824 333 οεὶὶᾶο,

425 346 560 390 vetuit
580 348 704 392 vendi
725 349 924 395 frumenti
944 353 1136 406 farinam,
1157 361 1201 396 et
1221 353 1456 397 mensuram
1475 353 1684 396 minorem
1696 368 1798 413 ιιιο-

425 414 507 457 diis
528 416 606 459 VI.
627 425 670 460 et
690 418 866 463 humida
884 421 1027 463 omnia
1046 423 1239 464 mensura
1257 421 1419 464 minore
1438 421 1604 480 congiis
1629 420 1794 469 decem·

425 483 739 534 Centuriones
728 487 860 546 igitur
889 497 934 531 et
964 489 1037 545 qui
1066 488 1232 531 ordines
1262 488 1491 542 ducebant,
1510 498 1701 533 ementes
1720 503 1795 532 00-

423 550 539 608 piosa
557 553 717 605 omnia,
737 555 795 598 ita
821 555 1031 597 militibus
1064 555 1145 599 suis
1174 555 1488 598 distribuebant.
1547 539 1795 604 Adventan-

424 626 490 661 tes
509 635 625 672 vero,
650 621 720 678 ipsi
741 622 858 664 suum
884 623 956 664 fibi
979 609 1136 665 vicium
1157 624 1446 681 apportabant,
1467 632 1511 666 et
1539 614 1796 678 discedentes

425 686 453 729 fi
483 687 588 745 quid
618 688 828 746 reliquum
861 697 965 741 erat,
996 688 1294 762 divendebant‚
1323 698 1372 732 ut
1393 689 1486 748 jam
1516 683 1651 737 νίἃιιε
1677 691 1797 755 eopia

424 752 688 801 abundarent
706 754 879 798 milites.

479 820 656 863 Didales
693 822 826 874 Persa,
857 821 1064 865 militibus
1095 838 1202 881 quos
1231 823 1428 877 habebat,
1440 817 1620 866 vietum
1647 797 1794 882 quoti-

423 887 597 939 dianum
618 888 880 965 suppeditare
910 891 983 933 ille
1013 892 1188 968 quidem
1214 901 1378 949 poterat
1397 907 1448 935 ex
1467 891 1648 934 hostium
1670 901 1795 944 terra,

422 955 494 998 sed
525 956 719 1012 pecunia,
741 972 866 1015 quam
899 959 1116 1016 penderet,
1137 958 1176 1001 ei
1206 974 1289 1000 non
1320 968 1423 1001 erat.
1484 959 1683 1019 Cumque
1704 958 1796 1001 dies

422 1023 597 1066 veniss‘et
627 1024 863 1077 solutionis,
897 1026 980 1068 tale
1012 1026 1214 1084 quiddam
1240 1026 1585 1069 comminiscitur.
1644 1026 1794 1074 Advo-

422 1099 516 1140 cata
544 1092 751 1142 concione
781 1094 986 1147 militum,
1018 1109 1103 1137 non
1133 1094 1211 1137 effe
1242 1095 1282 1138 se
1315 1094 1591 1152 pecuniarum
1621 1093 1793 1152 inopem

422 1160 546 1211 dixit,
568 1160 636 1210 sed
668 1161 823 1203 habere
853 1162 1052 1217 pecunias
1083 1157 1267 1221 quodam
1300 1162 1343 1203 in
1373 1161 1488 1214 1000,
1507 1176 1635 1219 quem
1665 1162 1795 1204 etiam

420 1228 640 1272 indicavit.
699 1231 754 1271 Et
788 1230 926 1272 castris
965 1229 1092 1278 motis
1126 1229 1227 1271 illuc
1261 1229 1458 1286 perrexit.
1515 1227 1684 1274 Deinde
1721 1229 1795 1272 ubi

389 1346 392 1348 ,
420 1297 771 1355 appropinquavit
796 1297 960 1355 regioni
991 1297 1070 1348 illi,
1104 1297 1147 1340 in
1174 1297 1316 1339 locum
1336 1295 1472 1353 ipsum
1493 1297 1697 1354 proceffit,
1718 1296 1795 1339 de-

421 1378 505 1426 que
524 1363 634 1412 fanis
654 1379 750 1426 quae
771 1364 830 1406 ibi
850 1372 983 1429 erant,
1003 1364 1171 1409 abstulit
1191 1364 1393 1422 quicquid
1423 1365 1614 1410 vasorum
1641 1379 1793 1422 argen-

420 1439 587 1482 teorum
621 1432 789 1496 reperit.
848 1433 956 1474 Mox
986 1431 1142 1477 onustis
1173 1431 1317 1488 mulis,
1348 1431 1458 1488 quasi
1493 1431 1555 1474 illi
1585 1432 1692 1474 nihil
1722 1431 1793 1474 nifi

305 1495 644 1557 364argentum
680 1507 911 1557 portarent,
941 1514 1042 1545 cum
1071 1499 1306 1557 eminentia
1335 1499 1382 1542 hi
1411 1499 1502 1548 vasa
1526 1501 1796 1554 ostentarent,

420 1567 480 1611 ita
509 1568 646 1610 facere
680 1567 774 1613 iter
835 1568 932 1609 Hoc
961 1577 1179 1609 cernentes
1200 1567 1374 1621 milites,
1394 1575 1439 1610 et
1457 1564 1660 1614 arbitrati
1676 1568 1798 1626 quic-

418 1635 522 1706 quid
543 1644 780 1693 portaretur
798 1650 823 1678 a
846 1635 990 1687 mulis,
1010 1634 1053 1677 id
1073 1635 1153 1677 effe
1172 1644 1398 1692 argentum
1427 1631 1680 1688 universum,
1701 1636 1796 1678 ani-

419 1719 539 1755 mum
575 1704 813 1746 habuerunt
844 1704 1021 1755 bonum,
1052 1710 1254 1760 tanquam
1285 1701 1533 1759 stipendium
1564 1703 1796 1761 accepturi.

418 1772 481 1814 At
502 1771 573 1815 ille
600 1772 792 1814 Amisum
817 1770 1038 1832 perveniri,
1058 1770 1203 1827 ibique
1236 1770 1386 1828 signari
1416 1780 1640 1828 argentum
1671 1786 1797 1829 opor-

419 1848 509 1883 tere
537 1839 661 1882 dixit.
723 1841 821 1880 Erat
855 1848 997 1881 autem
1027 1838 1094 1881 via
1126 1838 1318 1883 Amisum
1351 1838 1485 1896 usque
1512 1839 1797 1899 complurium

420 1907 603 1960 dierum,
625 1917 669 1950 et
688 1906 869 1952 difficilis
897 1914 1065 1967 propter
1083 1905 1236 1964 frigus.
1294 1907 1410 1947 Toto
1439 1906 1573 1964 igitur
1590 1906 1666 1949 illo
1684 1915 1796 1950 tem-

420 1990 520 2032 pore
547 1976 698 2027 abusus
717 1975 771 2016 est
791 1974 997 2028 exercitu,
1019 1988 1118 2024 cum
1138 1942 1252 2022 [nihil
1284 1972 1355 2016 nisi
1387 1973 1546 2016 vieium
1576 1975 1795 2034 praeberet.

420 2034 540 2094 Ῐάειιι
572 2043 742 2100 opifices
772 2042 816 2083 in
846 2042 1002 2094 castris,
1023 2051 1068 2084 et
1087 2056 1313 2098 cauponeS,
1334 2050 1376 2083 et
1400 2051 1688 2098 permutantes
1716 2042 1798 2086 ali-

419 2110 524 2168 quid
544 2125 670 2168 penes¹
699 2111 740 2152 se
769 2110 952 2152 habebat
971 2123 1137 2161 omnes,
1157 2122 1296 2166 neque
1314 2108 1473 2155 licebat
1492 2109 1644 2152 horum
1672 2110 1797 2168 quic·

421 2193 551 2237 quam
573 2177 694 2229 alteri
714 2191 906 2225 exercere
926 2175 1019 2218 ulli.

438 2242 442 2248 ’
479 2245 684 2297 Chabrias
705 2244 986 2296 AthenienfiS,
1008 2239 1105 2286 cum
1126 2244 1236 2287 Taos
1257 2258 1330 2287 rex
1353 2243 1657 2302 AEgyptiorum
1688 2245 1795 2289 edu-

422 2322 537 2365 ceret
565 2313 816 2365 eitercitum,
846 2321 888 2354 et
918 2311 1098 2369 pecunia
1125 2310 1386 2363 deficeretur,
1412 2312 1529 2354 suasit
1549 2320 1598 2354 ut
1616 2312 1795 2356 demon-

422 2384 564 2434 straret
592 2380 808 2438 utriusque
834 2379 952 2421 sexus
984 2378 1286 2432 sacerdotibus,
1308 2378 1382 2420 fibi
1411 2388 1578 2439 propter
1606 2380 1796 2437 sumptus

421 2451 539 2503 belli,
562 2463 786 2497 numerum
817 2446 998 2504 ipsorum
1029 2446 1267 2489 diminuere
1288 2446 1446 2488 neceffe
1470 2445 1563 2489 effe.
1621 2448 1704 2490 His
1732 2448 1796 2491 illi

422 2518 594 2569 auditis,
616 2526 660 2559 et
681 2516 837 2573 quique
859 2515 1063 2557 sacrorum
1087 2511 1485 2556 administratiOnem
1509 2513 1694 2556 volentes
1716 2515 1796 2558 effe

421 2586 554 2637 fuam,
576 2584 635 2625 ita
655 2581 806 2641 finguli
828 2580 1026 2639 pecunias
1056 2580 1147 2643 regi
1175 2579 1289 2622 dare.
1353 2581 1458 2622 Haec
1483 2595 1582 2623 cum
1611 2582 1796 2638 accepis-

421 2652 499 2705 set,
534 2652 652 2694 suasit
687 2650 892 2694 Chabrias
921 2648 1030 2706 regi,
1064 2657 1113 2690 ut
1140 2647 1306 2705 insuper
1325 2647 1513 2705 juberet,
1546 2648 1796 2704 sacerdotes,

421 2735 529 2777 quos
562 2719 749 2776 sumptus
783 2725 957 2759 eatenus
990 2714 1178 2758 fecissent
1211 2714 1255 2757 in
1291 2715 1402 2758 sacra
1436 2724 1478 2758 et
1511 2715 1611 2769 sese,
1649 2731 1795 2761 eorum

421 2782 622 2854 deinceps
642 2794 691 2830 ut
709 2784 919 2836 decimam
947 2791 1115 2827 tantum
1143 2794 1305 2841 partem
1323 2782 1631 2843 impenderent,
1654 2792 1698 2834 et
1722 2784 1796 2835 fibi
