1898 3308
0 143 84 185 ,⁸-

0 215 54 252 ἡ
122 227 124 230 ,
377 185 476 231 DE
519 183 950 231 REPUBLPCA
988 186 1196 245 V111.5.
1405 189 1488 245 657

60 296 397 369 menide
406 308 699 372 hilariterque
720 309 1046 363 traducendum,
1069 317 1113 354 et
1130 311 1184 354 ad
1205 309 1315 356 vitae
1312 310 1487 370 degen-
1504 313 1610 359 314

55 376 405 428 muntem
414 378 659 431 ¹liberalem,
680 393 732 421 ea
748 377 830 421 effe
850 377 1092 421 utendum.
1102 395 1204 422 cur
1234 379 1349 435 enim
1381 379 1493 438 ipsos

52 438 462 505 &nepot-tet,
479 454 525 490 et
553 461 641 490 non
670 446 764 490 aliis
796 446 1020 489 utentibus
1050 447 1265 504 percipere
1293 447 1493 506 volupta-

48 535 72 564 e
83 525 189 566 tun
204 518 244 562 ἲ
251 517 383 567 Licet
393 526 538 565 autem
559 534 659 577 quae
680 518 729 561 fit
746 519 883 561 nostra
902 517 956 561 de
976 517 1059 561 diis
1079 518 1395 562 immortalibus
1415 535 1495 562 ex-

23 590 59 622 ³
78 575 295 649 istitrmio
314 587 605 631 eonfiderare.
640 602 728 630 non
758 586 876 630 enim
898 586 1070 644 Jupiter
1095 586 1181 644 ipse
1212 586 1328 628 canit
1357 595 1402 629 et
1430 587 1495 630 ci-

0 703 2 706 ,
94 652 220 713 thera
247 655 386 714 pulsat
412 656 527 715 apud
558 664 723 715 poetas,
748 655 855 714 quin
889 655 1018 699 etiam
1049 654 1172 709 tales,
1193 654 1424 698 illiberales
1454 663 1500 698 et
1532 658 1534 661 ’

6 741 12 747 ·
43 757 46 767 2
93 723 288 770 sordidos
315 724 515 769 artifices·
527 725 817 784 appellamus:
850 732 895 768 et
922 723 1036 768 actio
1060 724 1149 782 ipsa
1169 739 1254 766 non
1277 724 1333 767 est
1353 723 1498 767 homi-

0 786 25 841 „³
93 792 163 837 nie
182 792 277 852 e‘Jus
293 793 369 853 qui
392 807 480 837 non
510 794 561 838 fit
592 794 752 848 ebrius,
773 795 848 837 aut
875 793 973 852 qui
985 808 1071 836 non
1101 793 1239 836 ludat.
1300 792 1385 835 Sed
1406 792 1498 836 for-

16 903 17 906 ,
96 860 200 907 taffo
226 861 296 906 his
322 862 378 906 de
403 862 536 918 rebus
565 862 768 921 posterius
798 860 1030 905 videndum
1058 862 1131 905 est.
1194 860 1333 904 Prima
1353 862 1500 905 autem

20 959 29 990 '.··
55 942 69 949 ”
93 930 272 992 quqstio
306 930 382 985 est,
420 938 569 975 utrum
606 931 763 975 mufica
799 931 1064 974 numeranda
1099 930 1148 973 fit
1186 930 1231 973 in
1266 929 1501 990 disciplinis

94 999 542 1060 puerilibue‚'necne:
573 1009 620 1044 et
650 1015 703 1044 ex
732 999 872 1044 tribus
904 999 993 1043 illis
1021 1015 1119 1058 quae
1141 999 1185 1042 in
1208 999 1391 1043 dubium
1420 1015 1500 1044 vo-

94 1066 196 1114 eata
221 1068 337 1123 sunt,
356 1068 482 1128 cujus
512 1067 770 1128 potiffimum
793 1070 882 1113 vim
903 1068 1114 1121 obtineat,
1135 1077 1280 1111 utrum
1311 1067 1501 1127 discipli-

98 1149 185 1192 ne,
203 1150 260 1182 an
285 1137 398 1192 ludi,
426 1153 481 1181 an
516 1137 616 1181 vitae
645 1137 855 1197 degendae
885 1152 935 1180 ac
965 1136 1240 1180 traducendae
1263 1137 1401 1179 aetatis
1431 1152 1500 1180 ra·

50 1234 53 1237 ,
99 1206 251 1252 tionis.
309 1206 474 1251 Merito
505 1221 631 1266 porro
664 1206 710 1250 in
743 1206 899 1250 horum
935 1205 1131 1248 omnium
1164 1204 1314 1248 ordine
1344 1219 1393 1247 ac
1420 1219 1503 1248 nu-

99 1290 222 1320 mero
245 1275 430 1328 locatur,
452 1275 733 1333 omniumque
752 1274 922 1318 videtur
941 1273 1169 1332 particeps,
1229 1274 1344 1316 Nam
1365 1282 1410 1316 et
1429 1273 1502 1317 lu-

17 1374 22 1380 ·
99 1343 185 1388 due
203 1343 420 1388 reficiendi
439 1358 491 1388 ex
510 1344 658 1388 labore
679 1343 883 1401 corporiS,
899 1341 1205 1400 relaxandique
1227 1341 1360 1384 animi
1381 1342 1505 1385 causa

98 1420 370 1471 eonipamtns
403 1411 478 1456 est.
538 1411 762 1455 Relaxatio
799 1418 942 1454 autem
979 1418 1024 1452 et
1058 1409 1261 1452 recreatio
1291 1410 1423 1452 animi
1459 1419 1505 1455 et

99 1480 292 1539 eorporis
303 1480 501 1540 jucunda
519 1480 569 1522 fit
594 1479 757 1524 neceffe
785 1480 872 1522 est:
904 1477 1063 1521 doloris
1093 1477 1209 1521 enim
1240 1477 1352 1536 ejus,
1374 1493 1504 1537 quem

75 1549 271 1604 ,maeres
304 1549 500 1602 afferunt,
535 1548 902 1592 medicamentum
942 1547 1162 1606 quoddam
1196 1548 1282 1590 est:
1326 1557 1371 1591 et
1404 1549 1506 1593 vitae

101 1617 328 1676 degenda,
364 1617 582 1675 aetatisque
618 1617 891 1660 traducendae
927 1633 1068 1675 genus,
1102 1618 1186 1660 fine
1221 1619 1507 1661 controversia

101 1685 237 1730 debet
254 1683 412 1729 habere
432 1699 518 1728 non
540 1685 676 1728 solum
701 1685 943 1739 honestum,
964 1700 1108 1729 verum
1140 1685 1273 1728 etiam
1302 1685 1504 1744 volupta-

104 1763 199 1799 tem
214 1772 228 1799 ε
258 1768 360 1798 nam
389 1753 615 1799 beatitudo
643 1769 696 1797 ex
728 1754 813 1798 hoc
842 1764 1027 1814 utroque
1053 1756 1232 1798 constat.
1292 1756 1355 1799 At
1374 1755 1504 1798 mufi-

104 1828 203 1868 &m
222 1837 375 1868 omnes
392 1823 474 1867 effe
487 1823 671 1867 dicimus
687 1838 712 1866 e
733 1839 912 1867 numero
927 1839 1069 1867 rerum
1084 1824 1504 1883 jucundfflimamm,

105 1899 206 1936 tum
221 1891 383 1936 nudam
406 1907 456 1936 ac
477 1892 725 1950 fimplieem,
748 1901 842 1936 tum
866 1908 959 1936 eam
980 1909 1079 1951 quae
1110 1902 1242 1937 cantu
1272 1901 1317 1937 et
1345 1894 1503 1938 modu-

105 1959 269 2008 latione
286 1961 462 2005 eonstat.
493 1994 497 1999 .
522 1961 602 2004 Ait
622 1961 766 2019 itaque
782 1970 826 2004 et
846 1961 1055 2015 Musaeus,

157 2020 165 2028 ⁴
206 2026 398 2075 'Dulcius
416 2029 491 2087 ff
508 2028 615 2072 nihil
633 2037 754 2072 cantu
773 2029 1007 2072 mortalibus
1026 2030 1169 2089 aegrisf

105 2098 379 2157 Quapropter
397 2097 527 2141 etiam
557 2097 611 2140 ad
641 2106 878 2141 conventus
894 2107 939 2141 et
958 2098 1014 2141 ad
1032 2099 1360 2157 congrefflones‚
1381 2099 1507 2143 vitae-

102 2178 192 2226 qne
224 2165 498 2210 traducendae
533 2166 719 2210 rationes
753 2175 798 2210 et
833 2166 1179 2220 consuetudines,
1216 2182 1311 2210 eam
1352 2168 1509 2211 merito

59 2275 79 2294 4<
107 2234 314 2281 nffumere
352 2234 505 2288 solent,
546 2235 659 2294 quali
709 2234 949 2279 delectandi
992 2235 1079 2278 vim
1129 2235 1300 2279 habeat.
1361 2237 1510 2281 Quare

105 2303 239 2355 etiam
267 2318 322 2348 ex
349 2303 436 2347 hoc
468 2303 705 2347 existimare
737 2304 859 2361 poffit
892 2303 1063 2362 aliquiS,
1091 2304 1429 2349 adolescentulos
1459 2321 1509 2361 ac

106 2383 263 2432 pueram
281 2387 377 2416 eam
398 2372 557 2416 discere
576 2366 787 2430 oportere}
851 2373 1010 2417 Omnia
1036 2373 1152 2416 enim
1175 2373 1391 2432 jucunda,
1410 2390 1509 2434 quae

50 2479 52 2481 .
74 2472 76 2476 ,
108 2441 278 2487 nullum
299 2441 608 2485 detrimentum
626 2441 877 2499 important,
896 2455 984 2485 non
1004 2442 1135 2485 modo
1153 2442 1206 2484 ad
1227 2442 1356 2486 finem
1377 2458 1509 2501 appo-

71 2509 185 2559 >fita
214 2518 260 2554 et
288 2509 619 2555 accommodata
643 2509 767 2554 sunt:
801 2525 948 2553 verum
979 2511 1106 2553 etiam
1139 2511 1192 2553 ad
1222 2511 1413 2569 quietem
1440 2526 1511 2554 re-

101 2577 434 2638 nifflonemque
464 2579 725 2622 animorum,
787 2579 1009 2622 Quoniam
1044 2587 1189 2622 autem
1226 2594 1321 2622 raro
1358 2579 1511 2623 admo-

104 2644 216 2694 dum
244 2647 463 2707 contingit
492 2647 744 2691 hominibus
764 2655 814 2690 ut
834 2646 888 2690 ad
911 2647 1038 2690 finem
1070 2648 1350 2706 perveniant:
1382 2647 1512 2706 saepe-

26 2737 30 2744 ·
109 2719 291 2764 mmo
323 2725 469 2762 autem
499 2716 787 2776 requiescunt,
808 2716 1057 2776 animosque
1082 2732 1107 2759 a
1133 2716 1353 2760 laboribus
1373 2718 1512 2762 relax-

109 2787 204 2840 ffl't,
224 2793 271 2830 et
288 2793 472 2831 utuntur
493 2785 597 2829 ludo
617 2794 661 2828 et
673 2785 778 2843 joco
799 2799 886 2828 non
905 2784 1044 2829 solum
1074 2785 1360 2829 immoderato
1378 2795 1422 2829 et
1443 2786 1514 2830 su-

47 2914 50 2915 ⁷
78 2870 80 2875 ’
107 2852 402 2913 numadum,
420 2868 572 2903 verum
589 2853 722 2900 etiam
741 2861 914 2913 propter
933 2852 1198 2914 voluptatem
1219 2871 1230 2898 ε
1259 2853 1368 2899 utile
1385 2853 1516 2899 fuerit

775 2936 805 2967 u
830 2937 862 2967 u
