1898 3308
234 894 347 935 VIII.

453 230 539 275 510
896 219 1397 270 ARISTOTELIS—

448 341 630 386 duorum
652 343 958 390 Lacedaemone
983 346 1169 390 confusio
1198 348 1271 400 est,
1290 346 1561 392 democratiae
1581 356 1626 392 et
1643 344 1827 394 virtutis.

447 410 732 455 Aristocratiae
751 412 885 471 igitur
904 423 1054 472 praeter
1078 414 1199 458 illam
1227 415 1405 474 primam
1425 417 1632 476 optimam
1653 416 1826 475 reipub-

447 477 545 521 licae
573 478 905 523 administrandae
937 480 1136 535 formam,
1173 482 1268 534 haec
1296 483 1386 526 duo
1416 499 1575 543 genera
1605 482 1826 528 sunt.1n

447 543 574 588 tertio
591 560 747 604 genere
768 545 959 590 locandae
987 549 1082 591 sunt
1111 542 1395 617 quaecumque
1424 552 1478 594 ab
1504 565 1555 595 ea
1582 540 1826 609 reipublicae

447 611 782 656 administrandae
811 614 961 667 forma,
981 630 1077 672 quae
1103 615 1253 672 politia
1280 617 1537 672 nominatur,
1554 616 1827 698 dfflentes

448 679 502 724 ad
521 678 798 740 oligarchiam
818 682 956 741 magis
973 682 1253 740 propendent.

1034 796 1235 824 -4-0-

973 891 1012 935 C
1027 892 1068 934 A
1084 892 1130 935 P.
1174 892 1305 936 vm.

711 1055 718 1059 .
756 995 822 1047 Dc
842 1021 890 1047 ea
908 1021 1000 1063 quae
1017 1005 1142 1064 vulgo
1162 1005 1312 1048 Politia
1330 1015 1512 1048 vocatur.

445 1175 588 1221 natur,
608 1167 815 1220 differere,
835 1175 879 1210 et
898 1167 953 1210 de
972 1167 1212 1227 tyrannide.
1271 1163 1380 1211 Hoc·
1398 1175 1541 1210 autem
1569 1165 1718 1210 ordine
1741 1181 1821 1224 poa

441 1235 577 1279 litiani
598 1235 830 1293 posuimus,
856 1235 972 1292 quia,
991 1235 1152 1278 tametsi
1183 1249 1322 1292 neque
1351 1235 1446 1277 haec
1469 1228 1661 1277 videatur
1687 1232 1821 1277 decli-

442 1303 576 1357 natio,
613 1304 683 1346 seu
721 1302 928 1361 degreffio
959 1318 983 1346 a
1017 1303 1131 1346 reosta
1167 1301 1401 1360 republica,
1437 1294 1689 1360 nequeea'i,
1725 1316 1822 1361 quae

441 1370 569 1428 paulo
600 1379 698 1412 ante
733 1370 930 1428 expofitae
962 1371 1073 1423 sunt,
1104 1369 1394 1413 aristocratiae:
1424 1378 1584 1422 tamen,
1614 1368 1640 1412 fi
1674 1380 1821 1412 verum

440 1436 563 1480 fateri
585 1436 797 1488 volumus,
817 1448 968 1479 omnes
993 1427 1237 1479 deerrarunt
1269 1449 1296 1479 a
1325 1435 1547 1480 refiiffima
1571 1432 1821 1493 reipublicae

440 1504 590 1547 forma.
652 1506 856 1548 Praeterea
875 1519 973 1547 cum
1003 1504 1072 1547 his
1101 1500 1392 1557 numerantur}-
1411 1512 1455 1547 et
1473 1514 1536 1547 eae'·
1557 1503 1655 1546 sunt
1673 1506 1820 1546 earum

440 1573 737 1631 degreffiones,
772 1571 1134 1630 quemadmodum
1164 1571 1290 1614 initio
1318 1571 1519 1614 diximus.
1578 1569 1652 1613 Ad
1679 1578 1819 1613 extre-a

439 1656 561 1684 mum
590 1650 734 1684 autem
765 1650 816 1683 ut
845 1639 900 1683 de
930 1639 1151 1698 tyrannide
1182 1639 1444 1682 mentionem
1470 1637 1692 1692 faciamus,
1711 1638 1832 1682 ratio..

439 1709 636 1766 postulat,
671 1716 889 1766 propterea
918 1707 1049 1765 quod,
1079 1706 1270 1765 quamvis
1301 1706 1396 1750 haec
1413 1705 1600 1749 'minime
1625 1705 1819 1749 omnium

440 1776 490 1818 fit
522 1775 767 1834 reipublicae
800 1774 1135 1817 administrandae
1166 1774 1315 1827 forma,
1346 1789 1371 1816 a
1406 1773 1528 1816 nobis
1562 1782 1703 1816 tamen
1734 1771 1819 1815 sus-

439 1853 565 1902 cepta
597 1845 644 1886 fit
671 1843 855 1886 civitatis
883 1842 1217 1885 administrandae
1245 1841 1464 1884 institutio.
1525 1841 1817 1885 Quamobrem

436 1914 572 1972 igitur
599 1914 727 1958 talem
758 1915 950 1957 ordinem
978 1913 1141 1971 sequuti
1170 1913 1331 1966 sumus,
1359 1912 1524 1956 di&um
1554 1912 1626 1956 est.
1684 1904 1818 1954 Nune

436 1993 580 2025 autem
621 1998 719 2041 quae
757 1982 809 2024 ad
847 1981 1038 2039 politiam
1077 1980 1305 2038 pertinent,
1349 1973 1668 2024 demonstranda
1703 1979 1814 2023 sunt.

435 2051 669 2109 Explicatis
694 2051 809 2092 enim
827 2065 876 2092 ac
893 2049 1095 2092 distinctis
1116 2049 1166 2091 iis
1186 2064 1282 2106 quae
1302 2049 1355 2091 ad
1374 2048 1656 2106 oligarchiam
1673 2047 1815 2093 etde*

434 2120 683 2162 mocratiam
715 2119 942 2177 pertinent,
974 2118 1139 2176 planior
1169 2128 1212 2160 et
1244 2117 1425 2175 apertior
1448 2118 1516 2160 'vis
1550 2117 1642 2176 ejus
1673 2117 1816 2160 futura

435 2190 508 2232 est.
569 2189 719 2232 Politia
738 2187 869 2240 enim,
890 2196 939 2230 ut
959 2186 1202 2245 (impliciter
1221 2185 1376 2239 dicam,
1395 2185 1548 2228 cinnus
1567 2184 1740 2244 quidam
1762 2196 1830 2228 ex‘

433 2257 672 2315 eligarchia
702 2265 746 2299 et
777 2254 1032 2299 democratia
1062 2254 1133 2296 est.
1194 2253 1340 2296 Solent
1355 2261 1505 2296 autem
1533 2267 1604 2296 eas
1633 2262 1732 2317 quae
1761 2253 1814 2296 ad

435 2324 736 2368 democratiam
758 2323 895 2388 magis
915 2321 1135 2374 inclinant,
1154 2321 1323 2378 politias
1340 2321 1566 2398 appellare.
1597 2335 1695 2378 quae
1715 2332 1816 2364 vero*
1880 2324 1886 2361 ἑ

334 1102 436 1156 149
504 1099 832 1143 RELIQUUM
860 1099 984 1143 nobis
1003 1101 1062 1143 est
1081 1100 1134 1143 de
1154 1110 1203 1143 e'a
1222 1114 1318 1158 quae
1347 1094 1495 1158 politia
1523 1097 1655 1158 vulgo
1683 1096 1823 1142 narni*
1892 1111 1894 1116 ·

433 2393 487 2435 ad
507 2393 802 2451 oligarchiam‚
823 2389 1092 2433 aristocratias
1118 2388 1284 2447 potius:
1315 2388 1417 2447 quia
1443 2387 1646 2432 doctrina
1663 2397 1708 2430 et
1733 2402 1811 2448 ge-
1815 2416 1818 2418 -
1876 2383 1882 2398 ⁵

432 2461 543 2504 neris
561 2452 800 2518 amplitudo
818 2458 956 2516 magis
977 2457 1206 2500 comitatur
1233 2455 1547 2514 locupletiores.
1607 2457 1812 2499 Praeterea

429 2542 531 2570 vero
549 2542 618 2570 cas
637 2537 703 2570 res
721 2526 957 2584 locupletes
977 2524 1172 2567 videntur
1200 2524 1370 2576 habere,
1389 2537 1414 2567 a
1441 2523 1599 2581 quibus
1615 2522 1811 2567 homines

429 2596 517 2638 ad'
506 2595 700 2653 injuriam
727 2594 847 2636 alteri
874 2592 1133 2636 inferendam
1155 2591 1447 2649 impelluntur.
1505 2593 1569 2634 Ex
1597 2588 1684 2649 quo
1713 2588 1808 2645 hos,

430 2664 541 2707 viros
573 2664 708 2705 bonos
738 2670 867 2720 atque
897 2660 1093 2703 honestos
1121 2668 1165 2702 et
1194 2659 1331 2701 claros
1359 2656 1556 2701 homines
1570 2658 1810 2730 appellant

430 2731 652 2775 Quoniam
681 2729 814 2787 igitur
842 2729 925 2770 hoc
956 2726 1221 2770 aristocratiae
1251 2725 1465 2783 proprium
1488 2725 1561 2778 est,
1582 2735 1631 2769 ut
1650 2719 1807 2769 civium
1852 2723 1880 2782 ᾗ

428 2799 603 2856 optimis
621 2797 795 2855 egregia
813 2804 856 2838 et
875 2796 1037 2838 summa
1055 2793 1199 2836 omnia
1217 2793 1423 2846 tribuat,
1413 2793 1570 2836 iccirco
1586 2803 1631 2836 et
1642 2793 1807 2852 oligar-

428 2868 545 2912 chias
565 2880 615 2909 ex
635 2865 732 2908 viris
753 2862 874 2909 bonis
893 2871 1023 2920 atque
1042 2860 1223 2904 honestis
1245 2861 1435 2904 constare·
1448 2859 1638 2904 dicunt.
1674 2860 1807 2904 vide-
1846 2876 1865 2913 j
