1898 3308
1721 128 1728 136 s
1813 0 1898 152 1

453 180 536 234 650
896 153 1392 241 Amsrorssms
1890 189 1898 232 τ

451 316 565 354 nam,
589 302 795 362 hujusque
818 308 1156 363 procurationem
1193 308 1407 367 publicam
1441 309 1520 351 effe
1550 307 1722 361 debere,
1742 322 1829 351 non
1896 307 1898 340 ῗ

451 370 652 426 privatam
675 389 684 413 :
718 375 1076 429 quemadmodum
1101 392 1214 420 nunc
1233 377 1294 420 sui
1317 378 1471 435 cuique
1492 376 1563 419 filii
1586 390 1698 419 ουτω
1716 376 1831 429 sunt,

450 445 494 477 et
515 437 725 493 privatim,
747 450 790 481 et
811 441 1013 497 privatam
1048 443 1325 500 disciplinam,
1349 459 1478 501 quam
1511 443 1666 501 cuique
1695 443 1828 486 visum

341 540 349 552 ,
377 545 382 550 ,
449 503 578 547 fuerit
607 506 775 560 docere,
807 509 887 550 suis
920 509 1014 551 filiis
1046 510 1243 552 tradenti.
1304 512 1483 568 Oportet
1516 521 1657 554 autem
1688 525 1829 554 rerum

449 574 745 616 communium
779 576 1124 619 exercitationem
1159 592 1330 635 quoque
1357 578 1494 620 facere
1522 593 1828 622 communem:

449 640 654 698 simulque
690 642 825 684 civem
865 643 1078 686 neminem
1113 645 1345 689 existimare
1380 653 1546 702 oportet
1580 646 1714 702 ipsum
1749 646 1831 689 effe

447 706 584 760 suum,
613 709 680 750 sed
717 725 866 757 omnes
898 711 938 753 se
970 712 1050 754 effe
1082 711 1292 755 civitatis·
1323 713 1543 771 particula
1555 713 1672 756 enim
1701 715 1828 757 unus·

449 775 625 833 quilque
646 777 748 819 civis
769 778 949 821 civitatis
982 781 1053 822 est.
1112 781 1175 823 At
1203 781 1402 839 cujusque
1432 781 1647 839 particulae
1669 795 1826 840 procu·
1875 800 1879 803 ⁴

332 838 438 889 306
450 843 571 895 ratio,
606 845 736 886 totius
767 847 1105 902 procurationem
1140 849 1292 891 intueri
1324 850 1428 892 solet
1459 859 1623 892 natura.
1682 850 1829 908 Atque

447 912 574 954 etiam
601 914 754 971 aliquis
785 915 1174 959 Lacedaemonios
1165 933 1205 959 m
1241 918 1324 960 hoc
1352 917 1560 960 laudarit:
1576 917 1825 974 plurimum

446 980 559 1022 enim
599 981 716 1024 studii
754 983 795 1024 in
834 998 983 1040 pueros
1023 985 1261 1037 conferunt,
1298 986 1430 1043 idque
1463 986 1747 1029 communiter
1783 995 1828 1030 et

445 1049 631 1105 publice.
695 1052 861 1109 Leges
854 1053 984 1110 igitur
1011 1053 1064 1095 de
1094 1053 1311 1111 disciplina
1330 1064 1374 1096 et
1394 1053 1651 1097 institutione
1673 1068 1825 1112 puero-

447 1132 540 1158 rum
562 1119 640 1160 esse
661 1119 912 1172 scribendas,
935 1130 1061 1178 atque
1092 1122 1202 1164 hanc
1233 1137 1506 1165 communem
1535 1132 1580 1166 et
1606 1120 1824 1180 publicam

449 1185 529 1228 effe
550 1196 758 1243 oportere,
780 1189 1042 1246 perspicuum
1064 1189 1140 1231 est.

1038 1288 1243 1331 --ὀ--

1010 1398 1168 1442 CAP.
1216 1400 1274 1442 II.

906 1512 971 1553 De
990 1517 1096 1555 reda
1115 1512 1364 1569 irfiitutione.

501 1601 651 1643 QUAE
676 1601 720 1642 fit
741 1609 885 1643 autem
907 1600 1140 1659 disciplina,
1163 1613 1204 1644 et
1225 1617 1312 1659 quo
1333 1600 1461 1644 modo
1484 1615 1635 1659 pueros
1654 1610 1698 1644 et
1717 1601 1823 1644 ado-

444 1668 645 1715 lescentes
666 1679 860 1727 oporteat
889 1669 1063 1722 erudiri,
1086 1670 1430 1728 cognoscendum
1451 1670 1534 1712 est:
1568 1685 1682 1724 nunc
1707 1670 1823 1713 enim

443 1736 498 1784 de
519 1737 641 1793 faecis
658 1736 923 1794 ambigitur:
957 1752 1054 1779 nam
1085 1752 1167 1780 non
1201 1738 1348 1780 eadem
1376 1737 1715 1781 adolescentibus
1742 1739 1824 1781 effe

444 1805 657 1857 discenda,
687 1819 836 1847 omnes
867 1805 1120 1857 existimant,
1142 1821 1280 1864 neque
1299 1805 1352 1848 ad
1375 1805 1573 1848 virtutem
1604 1819 1741 1862 neque
1767 1805 1824 1848 ad

442 1873 650 1930 optimam
674 1872 802 1914 vitam
815 1873 1169 1930 comparandam.
1229 1875 1284 1915 Et
1306 1883 1446 1916 utrum
1478 1872 1531 1916 ad
1561 1883 1748 1917 mentem
1765 1882 1823 1915 ‘et

443 1941 767 1997 cogitationem,
788 1956 838 1982 an
860 1940 913 1982 ad
933 1940 1064 1982 animi
1094 1956 1234 1983 mores
1263 1941 1484 1997 disciplina
1512 1940 1559 1983 fit
1587 1941 1821 1994 referenda,

441 2011 668 2052 obscurum
692 2010 762 2051 est.
823 2011 934 2052 Tum
965 2009 1092 2066 hujus
1125 2010 1184 2052 rei
1215 2009 1490 2052 consideratio
1515 2009 1644 2052 duaa
1663 2024 1717 2052 ex
1736 2009 1821 2052 dis-

441 2078 599 2135 ciplina
621 2078 783 2129 ufitata,
804 2087 849 2119 et
871 2078 912 2119 iu
935 2077 1077 2119 medio
1107 2088 1233 2134 atque
1261 2078 1303 2119 in
1335 2075 1536 2135 promptu
1565 2077 1707 2134 posita,
1728 2087 1818 2120 tur-

440 2146 617 2188 bulenta
650 2160 699 2187 ac
733 2146 974 2201 perturbata
1008 2146 1092 2187 est:
1126 2161 1263 2202 neque
1295 2156 1484 2203 apparet,
1519 2155 1663 2189 utrum
1698 2151 1818 2188 exer-

439 2214 573 2258 cenda
603 2215 681 2255 sint
707 2229 758 2256 ea
786 2229 884 2271 quae
915 2214 1008 2255 vitae
1041 2214 1135 2256 sunt
1160 2214 1297 2266 utilia,
1328 2229 1379 2256 an
1411 2229 1507 2271 quae
1534 2213 1588 2256 ad
1618 2213 1820 2258 virtutem

439 2283 671 2339 pertinent:
704 2297 755 2324 an
777 2282 933 2324 eximia
950 2282 1143 2339 quaedam
1165 2293 1209 2324 et
1225 2283 1557 2339 supervacanea:
1589 2280 1682 2324 haec
1703 2281 1820 2324 enim

430 2350 654 2407 judicibus
674 2350 922 2407 quibusdam
950 2350 1159 2393 nituntur.
1219 2351 1276 2392 Et
1306 2349 1362 2392 de
1393 2349 1445 2392 iis
1476 2364 1573 2407 quae
1602 2350 1655 2392 ad
1683 2351 1818 2393 virtu-

438 2429 525 2463 tem
549 2418 773 2475 pertinent,
795 2433 880 2460 non
901 2418 1100 2460 convenit
1128 2418 1240 2460 inter
1266 2432 1430 2460 omnes.
1488 2417 1659 2460 Etenim
1681 2418 1817 2461 virtu-

438 2497 524 2528 tem
548 2502 631 2529 non
653 2486 829 2528 eandem
862 2486 994 2527 statim
1021 2501 1168 2528 omnes
1192 2485 1337 2543 magni
1360 2485 1594 2528 aestimantz
1625 2500 1754 2543 quare
1773 2495 1818 2538 et

439 2555 493 2596 de
513 2554 548 2611 ej
557 2569 604 2596 us
624 2553 925 2595 exercitatione
944 2568 993 2595 ac
1015 2553 1146 2595 studio
1169 2553 1278 2595 inter
1296 2553 1338 2595 se
1355 2552 1614 2596 dissentiunt.
1672 2553 1736 2595 Ex
1765 2553 1817 2595 iis

436 2622 570 2678 igitur
598 2637 695 2678 quae
728 2621 822 2662 vitae
854 2621 976 2663 utilia
995 2621 1103 2673 sunt,
1125 2620 1350 2663 neceffaria
1377 2620 1457 2663 effe
1480 2620 1698 2673 discenda,
1728 2636 1814 2663 non

436 2691 492 2732 est
513 2690 734 2732 obscurum
756 2706 765 2730 :
798 2689 865 2730 sed
886 2699 1027 2738 tamen
1052 2704 1134 2730 non
1157 2688 1315 2730 omnia.
1374 2690 1487 2732 Nam
1509 2703 1604 2731 cum
1624 2689 1816 2731 distincta

436 2758 514 2799 fint
534 2758 723 2800 liberalia
741 2771 918 2804 munera
936 2758 989 2799 ab
1010 2757 1306 2809 illiberalibus,
1326 2756 1427 2799 licet
1447 2756 1588 2799 videre
1607 2757 1708 2799 talia
1726 2757 1814 2800 uti-

436 2824 495 2868 lia
524 2825 776 2868 adolescenti
806 2823 886 2866 effe
917 2823 1150 2876 tractanda,
1178 2839 1276 2882 quae
1306 2838 1407 2867 eum
1437 2824 1510 2880 qui
1538 2825 1813 2877 tractessnon
