1898 3308
405 167 501 220 642«
846 168 1348 212 ARISTOTELIS

405 302 534 345 quam
566 303 719 342 mares,
746 300 790 334 et
816 291 932 334 brevi
963 292 1148 349 corporis
1177 292 1329 350 figura.
1388 290 1533 335 Quare
1565 285 1792 332 necefl'ario

405 353 490 398 hoc
522 355 634 398 idem
665 357 795 400 etiam
817 358 860 401 in
883 359 1132 402 hominibus
1157 359 1314 402 evenit.
1374 358 1457 402 Cui
1478 357 1538 400 rei
1557 357 1643 400 hoc
1661 370 1793 414 argu-

405 432 555 466 mento
573 425 644 485 est,
666 426 780 483 quod
811 427 1149 486 quibuscumque
1172 427 1213 469 in
1236 427 1481 470 civitatibus
1502 427 1585 469 hoc
1606 426 1650 468 in
1671 438 1790 467 more

405 491 584 548 positum
606 493 662 535 est
684 503 729 536 ut
749 493 1035 538 adolescentes
1059 509 1159 538 cum
1178 494 1332 552 puellis
1352 487 1678 538 adolescentulis
1696 483 1794 535 mass'

406 561 609 603 trimonio
637 562 891 620 jungantur,
930 562 1190 619 imperfefflis
1222 571 1267 605 et
1298 563 1506 605 brevibus
1544 560 1792 620 corporibus

405 629 569 686 praediti
586 630 694 672 sunt.
758 630 961 672 Praeterea
986 630 1137 686 puellae
1165 629 1488 673 adolescentulae
1505 639 1550 672 et
1570 629 1708 688 magis
1727 628 1791 671 la-

407 698 559 740 borant
595 699 636 741 in
675 702 812 756 partu,
847 707 893 740 et
923 697 1063 755 plures
1094 699 1326 741 intereunt.
1387 699 1667 756 Quapropter
1685 710 1793 743 con·

407 766 518 809 sulto
551 767 792 809 Troezeniis
825 767 1000 809 oraculo
1032 766 1269 823 responsum
1302 766 1382 810 effe
1416 766 1591 824 quidam
1627 765 1797 818 dicunt,-

407 834 483 877 illa
501 834 773 877 incommoda
793 833 844 876 iis
863 834 1055 876 accidere
1074 844 1242 891 propter
1261 834 1389 876 talem
1412 834 1595 887 causam,
1618 833 1795 891 proinde

408 903 520 960 quasi
543 902 691 944 multae
712 901 912 944 mulieres
933 902 1151 944 interirent
1169 919 1179 944 z
1212 902 1311 960 quia
1329 902 1523 959 juniores
1542 917 1592 945 ac
1611 901 1797 944 minores

412 981 513 1013 natu
550 970 594 1012 in
634 970 952 1012 matrimonium
995 969 1318 1022 collocarentur,
1350 985 1433 1012 non
1474 969 1590 1027 quod
1631 968 1796 1014 fruetus

293 1042 396 1098 298
411 1049 509 1081 ante
530 1046 697 1094 tempus
725 1037 1049 1096 colligerentur.
1112 1039 1317 1080 Praeterea
1346 1053 1444 1080 vero
1473 1047 1517 1080 et
1546 1038 1600 1081 ad
1632 1046 1793 1095 tempe-

411 1106 589 1148 rantiam
621 1106 810 1164 adjuvat,
839 1106 1003 1148 elocare
1032 1106 1159 1163 paulo
1189 1115 1313 1148 aetate
1337 1105 1617 1163 grandiores:
1649 1105 1795 1149 viden-

410 1184 482 1217 tur
510 1174 624 1217 enim
655 1174 735 1217 effe
766 1174 1162 1231 intemperantiores
1192 1189 1240 1216 ac
1274 1174 1586 1217 libidinosioresv
1606 1189 1670 1217 cae
1695 1189 1794 1232 quae

411 1242 532 1285 valde
553 1242 705 1300 puellae
726 1243 853 1285 rebus
885 1242 1071 1284 venereis
1095 1243 1177 1284 usae
1200 1242 1310 1284 sunt.
1369 1243 1486 1285 Tum
1515 1241 1798 1286 masculorum

412 1311 664 1368 corporibus
694 1325 846 1352 nocere
869 1310 1034 1352 videtur
1059 1310 1111 1352 ad
1142 1310 1468 1362 incrementum,
1490 1310 1515 1352 fi
1538 1309 1678 1353 adhuc
1700 1324 1795 1354 cor-

412 1393 512 1435 pore
543 1379 754 1420 crescente
786 1378 912 1420 rebus
945 1377 1132 1419 venereis
1159 1377 1264 1419 dent
1295 1392 1496 1434 operam:
1529 1376 1657 1434 hujus
1681 1377 1796 1421 enim

412 1456 582 1504 tempus
603 1446 819 1503 quoddam
840 1446 895 1487 est
917 1446 1158 1496 definitum,
1179 1454 1299 1487 extra
1319 1444 1435 1502 quod
1457 1445 1679 1502 egrediens
1709 1460 1795 1488 non

411 1513 593 1569 amplius
630 1513 845 1571 augescat.
907 1514 1180 1569 Quapropter
1218 1512 1414 1554 foeminas
1462 1512 1634 1568 quidem
1684 1527 1797 1556 anno

413 1581 550 1624 aetatis
586 1581 754 1624 circiter
788 1581 1128 1624 duodevicesimo
1162 1581 1362 1623 convenit
1398 1581 1440 1622 in
1476 1581 1795 1624 matrimonium

412 1649 620 1692 collocare
638 1666 648 1691 ε
682 1664 819 1692 mares
841 1664 936 1692 vero
958 1663 1071 1691 anno
1090 1648 1259 1691 circiter
1280 1648 1669 1706 tricefimoseptimo
1689 1663 1797 1705 nup-

411 1718 483 1759 tiis
514 1717 705 1775 alligare.
765 1718 966 1774 Namque
1000 1717 1083 1758 hoc
1117 1725 1306 1774 tempore
1340 1716 1450 1758 faeia
1479 1716 1727 1774 conjumffio
1752 1726 1797 1758 et

411 1785 693 1828 corroboratis
722 1785 1054 1842 florentibusque
1083 1799 1132 1827 ac
1165 1784 1408 1841 vigentibus
1437 1783 1686 1841 corporibus
1715 1783 1797 1826 erit
1850 1779 1852 1782 ⁵

412 1863 665 1910 opportuna,
701 1862 744 1895 et
775 1853 829 1895 ad
862 1852 1163 1909 procreationis
1195 1852 1424 1894 liberorum
1453 1852 1620 1908 pausam
1648 1866 1698 1894 ac
1727 1866 1792 1894 re-

411 1922 556 1978 quiem
592 1920 832 1978 tempestive
861 1920 903 1962 in
936 1919 1086 1962 eodem
1120 1929 1309 1976 tempore
1340 1919 1524 1976 utrisque
1554 1929 1792 1962 concurret.

413 1990 620 2032 Praeterea
640 2003 737 2030 vero
762 1987 958 2030 succeffio
987 1987 1217 2029 liberorum
1241 1995 1284 2028 et
1303 1988 1552 2044 parentibus
1580 1995 1624 2030 et
1652 1987 1794 2030 liberis

410 2057 492 2099 erit
511 2066 777 2113 opportuna:
811 2055 878 2096 bis
907 2054 1081 2111 quidem
1115 2054 1287 2096 ineunte
1308 2054 1445 2096 aetatis
1472 2055 1623 2096 robore
1650 2069 1700 2098 ac
1731 2054 1792 2097 vi·-

409 2139 531 2181 gore,
553 2124 578 2165 fi
604 2123 735 2165 statim
761 2137 836 2180 pro
857 2122 1020 2164 ratione
1042 2122 1246 2178 temporis
1267 2121 1355 2163 nati
1376 2121 1532 2163 fuerint
1550 2138 1560 2163 ε
1591 2121 1675 2164 illis
1696 2137 1794 2165 vero

413 2200 539 2233 aetate
559 2190 650 2248 jam
684 2189 911 2246 decrepita,
936 2198 978 2231 et
1005 2188 1058 2230 ad
1086 2203 1243 2230 annum
1276 2188 1412 2230 aetatis
1441 2187 1792 2246 septuagesimum

412 2259 688 2316 praecipitata.
746 2259 814 2300 De
846 2256 1050 2315 conjugio
1079 2257 1211 2314 igitur
1240 2271 1327 2314 quo
1355 2268 1547 2314 tempore
1570 2257 1617 2299 fit
1647 2258 1793 2300 conci-

412 2317 621 2380 liandum,
643 2326 807 2369 dietum
829 2327 902 2367 est.
962 2325 1078 2366 Anni
1108 2335 1251 2366 autem
1283 2334 1473 2381 tempore
1503 2339 1556 2368 eo
1585 2325 1794 2368 utendum

413 2397 486 2448 est,
508 2411 595 2454 quo
614 2395 742 2438 etiam
764 2410 875 2438 nunc
897 2404 1073 2437 utuntur
1093 2395 1243 2438 multi:
1268 2395 1397 2453 idque
1419 2394 1596 2452 pulchre
1616 2403 1664 2438 a'c
1686 2410 1792 2452 prae-

412 2465 540 2516 clare,
562 2465 715 2506 bruma
735 2463 836 2505 huic
857 2463 1134 2519 congreflioni
1157 2462 1360 2505 faciendae
1382 2463 1600 2520 praefinita.
1651 2464 1792 2520 Opor-

412 2533 632 2590 tetigitur
662 2532 789 2574 etiam
819 2546 892 2573 eos
922 2531 975 2573 ad
1007 2531 1236 2573 liberorum
1268 2532 1600 2588 procreationem
1630 2546 1679 2573 ea
1700 2531 1790 2588 jam

411 2600 684 2658 cognoscere,
705 2609 749 2641 et
769 2615 866 2657 quae
887 2614 911 2641 a
931 2599 1108 2641 medicis
1140 2599 1355 2651 dicuntur,
1376 2611 1421 2642 et
1440 2610 1538 2656 quse
1555 2614 1581 2642 a
1599 2599 1792 2656 physicis.

411 2668 525 2710 Nam
561 2677 605 2710 et
639 2667 795 2709 medici
831 2667 987 2723 quibus
1023 2667 1280 2724 potiffimum
1323 2667 1585 2725 temporibus
1621 2681 1794 2723 corpora

292 2735 582 2796 299ορῑίῐιιειΙ
609 2735 685 2776 fint
717 2734 881 2786 affe&a,
918 2734 1015 2776 satis
1046 2743 1239 2776 accurate
1270 2727 1510 2792 eiplicant:
1540 2745 1583 2776 et
1619 2734 1792 2791 physici,

411 2816 509 2845 cum
540 2802 594 2844 de
625 2803 761 2845 ventis
791 2802 958 2859 copiose
990 2801 1217 2858 disputant,
1239 2811 1330 2846 tum
1353 2812 1500 2847 ventos
1532 2795 1794 2859 aquilonares
