1898 3308
377 158 465 215 584
816 160 1320 213 ARISToT-Ems

1722 232 1741 244 s-

380 295 479 323 nem
500 295 631 339 prope
657 282 874 336 accedant,
905 293 949 328 et
977 284 1140 343 politiae
1159 285 1212 328 ad
1233 283 1539 328 democratiam
1556 283 1635 327 fine
1653 294 1752 347 pro-
1815 316 1817 318 .

378 349 602 407 penfiores.
663 352 966 408 Copulationes
1006 362 1150 395 autem
1189 354 1259 395 seu
1297 351 1619 410 conjugationes
1659 349 1758 394 dieo

352 475 356 479 ι
386 418 502 474 (quae
533 417 799 476 inspiciendae
829 419 913 461 illae
941 420 1116 477 quidem
1137 420 1246 472 sunt,
1269 419 1338 462 sed
1369 435 1454 462 non
1476 419 1572 461 sunt
1600 431 1714 461 nunc
1731 431 1758 459 a

381 499 600 542 quoquam
633 478 928 530 animadversae
962 502 1101 544 neque
1129 487 1336 541 tractatae)
1359 487 1474 533 verbi
1502 486 1638 540 causa,
1659 486 1685 528 fi
1709 498 1760 527 ea

384 553 558 609 quidem
587 555 709 606 ratio,
730 570 825 611 qnae
853 555 904 597 ad
937 554 1263 597 consultationes
1294 555 1490 611 pertinet,
1516 552 1761 612 oligarchiae

268 622 372 668 232
386 621 685 664 convenienter
705 622 752 663 fit
771 622 975 678 descripta
994 630 1124 678 atque
1145 611 1362 664 ordinata:
1394 635 1578 674 cavero,
1598 620 1761 679 que-in

374 688 554 747 judiciis
585 690 780 741 versatur,
802 690 855 731 ad
876 689 1171 731 aristocratiam
1197 688 1543 732 accommodate:
1575 697 1651 731 aut
1667 687 1764 730 baec

383 757 576 815 quidem,
598 769 641 800 et
671 773 721 800 ea
751 774 848 816 quae
877 758 932 800 ad
961 758 1290 813 consultationes
1313 758 1494 815 pertinet
1515 755 1764 814 oligarchiae

384 828 716 870 convenienter:
751 843 800 869 ea
840 842 953 879 vero,
988 833 1085 884 quae
1121 827 1163 869 in
1202 827 1388 869 comitiis
1425 826 1763 884 magistratuum,

386 894 466 936 five
500 896 713 936 creatione
747 894 1082 952 magistratuum,
1116 894 1246 951 posita
1279 895 1350 944 est,
1384 893 1439 936 ad
1470 891 1766 936 aristocratiam

385 962 721 1014 accommodate,
743 971 817 1004 aut
845 962 937 1004 alio·
957 963 1102 1019 aliquo
1133 963 1278 1014 modo,
1302 977 1354 1005 ne
1386 963 1530 1004 omnia
1556 977 1652 1020 quae
1682 961 1767 1005 rei-

385 1028 572 1085 publicae
593 1029 964 1071 administrationis
983 1030 1078 1071 sunt
1101 1030 1285 1086 propria,
1304 1029 1577 1087 composuiffe
1595 1036 1765 1072 et‘oon-

379 1096 547 1154 jugafl'e
569 1098 801 1140 videamur.
862 1098 1015 1140 Qualis
1040 1098 1174 1155 igitur
1202 1098 1463 1140 democratia
1481 1112 1580 1140 cum
1600 1113 1684 1155 qua
1703 1097 1768 1141 ci-

391 1165 524 1207 vitate
555 1174 653 1222 apte
684 1166 910 1216 cohaereat,
931 1166 1121 1223 itemque
1132 1166 1276 1222 qualis
1299 1165 1535 1223 oligarchia
1559 1181 1658 1209 cum
1684 1181 1771 1224 qua

387 1232 682 1284 multitudine,
705 1242 749 1275 et
777 1248 830 1275 ex
859 1233 1034 1290 reliquis
1054 1233 1297 1290 reipublieae
1325 1233 1663 1276 administrandae
1682 1232 1771 1276 for-

388 1300 487 1349 mis,
510 1316 606 1358 quae
628 1301 784 1358 quibus
816 1301 863 1342 fit
893 1301 1026 1353 utilis,
1048 1301 1211 1344 dietum
1243 1301 1419 1358 quidem
1452 1302 1511 1344 est
1539 1310 1664 1347 ante:
1695 1316 1770 1344 ve·

388 1377 632 1411 rumtamen
663 1368 866 1425 quoniam
902 1369 1159 1425 perspectum
1192 1378 1236 1411 et
1272 1369 1497 1427 cognitum
1531 1369 1612 1418 effe
1642 1369 1773 1417 debet

390 1451 478 1478 non
502 1435 634 1478 solum
666 1436 804 1493 qualis
823 1451 873 1478 ex
893 1436 962 1478 his
983 1436 1229 1493 reipublicae
1260 1436 1597 1479 administrandae
1625 1437 1774 1480 formis

391 1503 440 1546 fit
459 1504 704 1546 civitatibus
732 1505 909 1560 optima,
931 1504 1001 1546 sed
1032 1504 1160 1546 etiam
1189 1503 1408 1561 quomodo
1438 1505 1488 1549 fit
1515 1504 1772 1556 constituen-

392 1573 473 1616 da:
507 1588 584 1615 nos
614 1582 659 1615 et
689 1573 766 1615 has
797 1582 842 1615 et
873 1573 975 1615 alias
1007 1573 1188 1616 breviter
1217 1573 1525 1630 persequamur.
1585 1574 1774 1636 Acpriq-

393 1656 514 1683 mum
547 1641 602 1683 de
633 1640 892 1684 democratia
921 1640 1191 1683 differamus:
1223 1640 1344 1683 fimul
1375 1641 1488 1683 enim
1524 1649 1568 1683 et
1597 1655 1650 1684 ea
1676 1656 1775 1700 quae

394 1708 500 1750 huic
519 1708 726 1751 contraria
748 1708 821 1761 est,
842 1708 1136 1766 cognoscetur.
1198 1709 1309 1750 Haec
1337 1717 1480 1750 autem
1500 1709 1557 1751 est
1576 1723 1627 1751 ea
1643 1722 1775 1766 quam

342 1821 343 1825 ,
397 1775 592 1819 nonnulli
613 1775 890 1833 oligarchiam
919 1776 1148 1832 appellant.
1209 1775 1426 1818 Sumenda
1453 1790 1578 1833 porro
1597 1776 1693 1819 sunt
1722 1775 1778 1820 ad

397 1845 511 1887 hanc
538 1844 865 1901 disputationem
899 1844 1061 1886 ratione
1080 1852 1125 1885 et
1146 1843 1210 1885 via
1229 1843 1569 1901 progredientem
1598 1844 1778 1902 popula*

399 1913 460 1955 ria
494 1911 652 1964 omnia,
691 1920 736 1952 et
771 1927 867 1968 quae
898 1911 1096 1954 videntur
1130 1910 1400 1953 democratiis
1435 1912 1515 1954 effe
1549 1911 1776 1969 adjundta:

400 1980 543 2024 evenit
563 1979 677 2021 enim
699 1987 748 2020 ut
768 1994 819 2020 ex
839 1978 907 2021 his
928 1978 1169 2035 compositis
1189 1988 1231 2020 et
1251 1978 1488 2035 conjunctis
1509 1979 1780 2023 democratiae

401 2062 560 2104 genera
593 2048 827 2096 nascantur,
861 2046 1084 2103 pluresque
1113 2040 1199 2088 una
1229 2054 1273 2087 et
1309 2046 1478 2089 diverfae
1511 2046 1782 2092 democratiae

403 2115 496 2157 sint.
554 2115 666 2156 Duae
695 2115 810 2156 enim
843 2114 976 2156 causae
1004 2114 1116 2165 sunt,
1137 2122 1306 2170 propter
1333 2128 1438 2170 quas
1464 2113 1604 2171 plures
1631 2115 1783 2158 demo*—

403 2183 550 2226 cratiae
569 2182 692 2224 sunt:
724 2196 904 2239 quarum
937 2181 1071 2238 prima
1101 2181 1271 2237 quidem
1303 2195 1353 2223 ea
1381 2182 1453 2233 est,
1474 2196 1571 2239 quae
1593 2192 1690 2225 ante
1708 2198 1784 2227 ex-

407 2251 537 2308 posita
555 2251 626 2301 est,
649 2249 900 2307 populorum
923 2249 1135 2290 diverfitas
1155 2263 1204 2290 ac
1224 2247 1537 2290 diffimilitudo:
1569 2249 1650 2292 alia
1668 2251 1786 2294 enim

410 2319 468 2361 est
485 2318 721 2361 multitudo
742 2318 783 2359 in
806 2332 908 2375 agro
928 2316 1108 2358 colendo
1129 2325 1349 2372 occupata,
1371 2315 1454 2358 alia
1472 2331 1618 2360 eorum
1640 2317 1785 2361 homi·

411 2402 517 2429 num
538 2387 611 2444 qui
631 2396 740 2428 artes
759 2385 984 2429 illiberales
1005 2394 1048 2426 et
1067 2384 1253 2426 sordidas
1282 2391 1494 2436 exercent,
1515 2384 1597 2427 alia
1624 2400 1787 2429 merce-

414 2456 645 2505 nariorum,
666 2462 710 2495 et
730 2467 879 2495 eorum
898 2452 972 2508 qui
992 2466 1136 2509 operas
1157 2451 1246 2493 suas
1269 2451 1465 2493 mercede
1485 2452 1656 2495 locant-2
1685 2463 1791 2510 qua-

416 2538 513 2567 rum
535 2524 558 2564 fl
582 2523 718 2578 prima
736 2521 788 2563 ad
808 2520 1032 2562 secundam
1054 2520 1278 2562 assumatur
1297 2528 1426 2576 atque
1451 2528 1727 2578 aggregetur,
1746 2531 1792 2564 et

302 2594 404 2637 233
420 2590 545 2634 tertia
576 2590 737 2632 rursum
772 2588 825 2630 ad
855 2597 1095 2644 utramque,
1124 2602 1208 2628 non
1239 2586 1285 2628 id
1314 2586 1448 2629 solum
1476 2587 1646 2640 interfit,
1674 2589 1793 2645 quod

418 2658 678 2702 democratia
696 2657 847 2699 melior
866 2665 909 2698 et
928 2654 1110 2698 deterior
1130 2655 1215 2706 fiat,
1233 2655 1301 2696 sed
1319 2654 1434 2711 quod
1454 2669 1538 2696 non
1561 2653 1608 2695 fit
1624 2655 1791 2698 eadem'.

420 2726 616 2771 Secunda
634 2735 777 2767 autem
796 2724 918 2766 causa
937 2725 994 2765 est
1013 2737 1063 2765 ea
1082 2723 1135 2765 de
1155 2737 1240 2780 qua
1259 2737 1373 2764 nunc
1393 2722 1621 2778 loquimur.
1681 2723 1795 2766 Nam

420 2808 517 2851 quae
542 2791 809 2834 democratiis
838 2789 1037 2847 adjun&a
1053 2787 1163 2842 sunt,
1184 2802 1365 2845 quaeque
1382 2787 1534 2830 harum
1551 2787 1798 2845 reipublicae
