1898 3308
0 0 153 135 W

414 196 510 241 DE
549 196 979 243 REPUBLICA
1021 197 1079 241 V.
1114 211 1155 241 1.
1409 204 1490 255 537

107 320 518 371 *mundant
544 329 708 378 partem
736 319 924 378 aliquam
955 319 1202 377 reipublicae
1233 319 1497 364 administra-

103 387 427 438 mnu-were
453 378 994 447 atqueimmutare'Werbi
1023 387 1180 446 gratia)
1206 389 1498 446 magistratum

106 457 303 521 Qu
326 458 594 511 constituere,
635 466 709 501 aut
746 456 923 500 tollere:
970 455 1338 514 quemadmodum
1377 458 1499 501 aiunt

105 522 311 586 qffitum
321 527 584 586 Lysandrum
607 526 917 571 Lacedaemone
939 540 1122 584 regnum
1152 524 1300 569 tollere
1321 526 1401 568 effe
1420 542 1496 571 co-

101 602 283 642 m:
294 605 360 641 et
392 594 637 639 Pausaniam
673 610 839 653 regem,
873 594 1134 652 ephororum
1162 593 1420 651 imperium.
1452 605 1499 638 et

102 652 339 722 mm
360 673 527 710 mutata
556 665 613 709 est
642 664 892 722 reipublicae
925 663 1263 706 administrandae
1285 662 1422 706 forma
1444 678 1497 706 ex

103 732 541 792 Μᾳωάεὲη.
592 733 707 776 Nam
736 747 811 790 pro
842 733 1028 776 tribunis
1058 732 1195 789 plebis
1214 733 1284 775 seu
1306 731 1495 777 tribuum

0 823 10 858 g
102 801 338 861 We,
352 816 462 860 quoe
489 800 632 849 Graeci
663 801 922 860 phylarchos
953 801 1186 860 appellant,
1208 801 1399 844 senatum
1423 801 1493 844 fe-
1514 802 1616 856 179

1 860 27 941 ἰ
96 877 305 932 ms
325 871 423 916 Jam
453 885 551 915 vero
571 871 872 915 iri-maximum
903 870 1027 914 illum
1049 881 1099 914 et
1114 868 1496 928 frequentiflimum
1531 895 1535 901 ·

90 936 741 998 ‘jndieumonnseffum‚⁴quem
779 940 995 983 Heliaeam
1031 939 1318 983 Athenienses
1352 939 1496 982 nomi-

102 1009 405 1060 mnmnneceffe
423 1010 478 1052 est
498 1005 643 1053 etiam‘
657 1001 772 1053 nunc
801 1009 1084 1067 magistratus,
1107 1023 1160 1051 ex
1179 1007 1232 1051 iis
1252 1008 1326 1066 qui
1349 1008 1497 1052 in'rei-

103 1076 293 1134 publiea
310 1077 675 1121 administratione
705 1078 936 1130 versantur,
963 1077 1192 1135 pervenire,
1218 1092 1320 1120 cum
1341 1076 1498 1135 aliquis

94 1141 235 1201 judex¹
258 1144 307 1205 ,iu
328 1145 554 1190 demortui
583 1145 730 1192 locum
757 1145 956 1203 suffragio
975 1143 1244 1188 sufficiendus
1264 1145 1338 1187 est.
1398 1145 1497 1188 Oli-

12 1214 15 1218 ’
103 1213 456 1272 εακῂίωᾷωεῐη
478 1213 758 1257 conveniebat
778 1213 908 1256 etiam
930 1222 1085 1271 praetor
1105 1214 1178 1256 seu
1202 1213 1362 1256 archon
1384 1229 1498 1258 unus

104 1283 152 1326 in·
186 1282 268 1337 hap
294 1282 560 1341 steipublicae-
592 1282 931 1326 administrandae
973 1283 1140 1325 forma:
1186 1283 1347 1341 ubique
1380 1283 1498 1326 enim

104 1342 631 1410 parapterjnfflqualitatem
654 1352 725 1396 seu
744 1353 1016 1410 iniquitatem
1037 1352 1188 1396 seditio
1218 1331 1379 1396 oritur?
1428 1353 1499 1395 Est

103 1420 543 1479 numm->viboequalitas
571 1430 618 1465 et
647 1437 746 1465 cum
778 1421 1010 1480 inaequales
1039 1421 1212 1479 quidem
1242 1421 1340 1465 sunt
1366 1421 1498 1473 cives,

103 1497 355 1544 nomtffmen
373 1490 673 1549 -inaequalibus
693 1490 898 1535 tribuitur
926 1491 971 1533 id
1002 1491 1121 1548 quod
1150 1490 1427 1548 proportione
1453 1490 1500 1532 fit

75 1599 77 1601 ,
104 1557 505 1616 κρυεὶεζε--εῑιοωῐι
536 1560 772 1617 aequalibus
802 1558 1317 1618 tribuuntur-:inaequalia
1379 1560 1497 1616 Reg—

104 1640 211 1673 num
247 1627 374 1674 fenim
414 1637 685 1686 perpetuum,
725 1628 938 1686 inaequale
977 1637 1022 1671 et
1061 1628 1259 1686 iniquum
1301 1628 1349 1670 fit
1388 1627 1501 1678 inter

104 1695 292 1754 aequales
311 1713 323 1740 z
353 1696 533 1743 omnino
552 1697 668 1740 enim
690 1697 889 1739 homines
909 1696 1073 1755 aequale
1096 1697 1167 1741 seu
1186 1711 1359 1754 aequum
1381 1711 1500 1754 quae-

103 1774 248 1809 rentes
270 1765 381 1808 inter
400 1766 441 1808 se
459 1765 654 1809 diffident
674 1775 718 1809 et
738 1765 995 1809 discordant.
1054 1766 1125 1808 Est
1155 1774 1299 1808 autem
1334 1765 1500 1824 aequale

103 1834 460 1894 duplex=·unum
483 1850 679 1889 numero,
700 1835 880 1878 alterum
911 1835 1140 1893 dignitate.
1201 1824 1388 1893 AEquale
1415 1850 1498 1878 nu-

103 1919 224 1948 mero
243 1904 360 1957 dico,
379 1903 499 1962 quod
518 1904 576 1947 est
595 1904 876 1948 multitudine
894 1912 968 1946 aut
987 1903 1289 1962 magnitudine
1313 1903 1428 1946 idem
1454 1912 1499 1946 et

104 1971 301 2030 aequale:
331 1970 560 2030 dignitate,
594 1971 712 2029 quod
747 1971 941 2014 ratione:
979 1970 1113 2026 (verbi
1145 1964 1313 2029 gratia)¹
1342 1970 1498 2028 aequali

91 2053 284 2084 numero
313 2040 394 2090 tria
423 2040 618 2098 superant
637 2040 742 2093 duo,
763 2049 809 2083 et
828 2040 916 2083 duo
936 2055 1071 2084 unum
1093 2057 1105 2083 e
1138 2041 1295 2099 aequali
1315 2042 1498 2094 ratione,

103 2117 291 2170 quatuor
315 2109 422 2164 duo,
451 2117 498 2153 et
527 2110 615 2154 duo
641 2125 805 2153 unum:
838 2119 1021 2169 uterque
1040 2110 1400 2163 enim-numerus,
1421 2111 1499 2169 qui

102 2177 334 2236 superatur,
361 2193 509 2223 eorum
528 2193 820 2230 *numerorum
852 2170 1170 2237 quisuperant,
1191 2178 1396 2222 dimidius
1426 2179 1498 2222 est.

105 2247 221 2293 Cum
233 2246 354 2300 ‘inter
372 2261 447 2292 eos
465 2256 610 2298 autem
627 2246 854 2291 conveniat
874 2248 929 2291 de
949 2262 1001 2291 eo
1021 2248 1136 2306 quod
1150 2248 1311 2306 justum
1327 2249 1386 2290 est
1401 2248 1499 2291 (im-

103 2315 380 2374 pliciter,.de
418 2330 472 2360 eo
509 2316 628 2374 quod
656 2315 818 2374 justum
859 2318 916 2358 est
956 2316 1246 2374 proportione,
1286 2315 1499 2370 diffident,

104 2385 472 2442 quemadmodum
491 2394 594 2428 ante
612 2384 778 2428 dietum
808 2385 865 2427 est
884 2402 895 2428 ε
927 2385 1000 2428 alii
1029 2385 1224 2443 quidem,
1245 2385 1449 2443 quoniam
1469 2387 1498 2429 fi

72 2452 250 2512 »aliqua
277 2468 325 2497 re
356 2453 436 2496 fint
467 2454 672 2512 aequaleS,
692 2453 932 2496 existimant
961 2453 1002 2496 se
1031 2453 1112 2496 effe
1140 2453 1346 2496 omnibus
1372 2454 1500 2497 rebus

105 2522 319 2581 aquales:
351 2522 443 2576 alii,
473 2522 498 2564 fi
529 2522 674 2579 aliqua
707 2537 752 2564 re
784 2522 863 2565 fint
897 2521 1132 2580 inaequales
1167 2531 1213 2565 et
1244 2522 1498 2580 superiores,

106 2590 299 2648 pluribus
316 2599 394 2635 aut
413 2589 645 2649 majoribus
665 2591 705 2633 se
724 2590 882 2649 dignos
901 2590 981 2633 effe
1001 2598 1169 2648 putant.
1229 2591 1502 2649 Quapropter

105 2670 152 2704 et
170 2659 268 2715 ‘1¹2ae
286 2655 534 2718 reipublicae
552 2659 892 2704 administrandae
922 2659 1074 2702 formae
1104 2659 1291 2702 maxime
1312 2660 1502 2720 exfistere

31 2736 33 2741 ’
104 2727 256 2783 solent,
277 2729 540 2772 democratia
557 2737 602 2772 et
621 2727 874 2786 oligarchia.
907 2728 1090 2772 Generis
1108 2728 1347 2786 amplitudo
1366 2728 1500 2782 enim,

107 2797 181 2841 seu
209 2798 411 2846 nobilitas
425 2806 483 2850 -et
511 2797 660 2850 virtus,
682 2797 726 2839 in
747 2796 894 2855 paucis
915 2806 1174 2840 cernuntur:
1207 2795 1364 2839 horum
1393 2810 1499 2839 con—

107 2865 235 2911 traria
248 2875 394 2912 autem
421 2866 465 2910 in
496 2865 706 2924 pluribus.
768 2866 886 2909 Nam
911 2864 1079 2909 nobiles
1108 2864 1286 2923 quidem
1315 2872 1360 2907 et
1390 2863 1502 2907 viroe
