1898 3308
431 177 516 221 626
869 180 1374 229 ARISTOTELIS

430 299 560 343 etiam
582 301 781 347 Chaones
809 319 966 363 genere
992 307 1185 351 OEnotri.
1246 307 1549 351 Sodalitiorum
1578 298 1811 382 igitutor-
1883 360 1885 363 .

430 366 596 413 dinatio
623 369 727 415 hinc
754 372 939 429 primum
973 383 1071 417 nata
1098 375 1184 418 est.
1217 374 1512 419 Multitudinis
1542 378 1669 418 vero
1658 366 1812 417 :civilis
1888 371 1898 423 ἶ

431 450 508 493 per
535 452 694 495 genera
726 439 951 498 descriptio
978 456 1027 484 ac
1056 442 1308 495 distributio,
1328 458 1381 486 ex
1411 444 1631 502 AEgypto=
1659 435 1812 484 multis
1895 448 1898 450 ’

432 504 549 547 enim
571 505 719 550 seculis
741 508 930 551 Sesostris
950 523 1131 567 regnum
1151 510 1316 552 Minois
1336 525 1470 568 regno
1488 508 1703 568 antiquius
1732 507 1808 550 est.

432 572 613 629 Oportet
633 574 767 633 igitur
795 576 920 617 etiam
953 576 1035 618 alia
1066 576 1152 618 fere
1180 577 1409 620 existimare
1437 577 1724 635 saepenumero
1742 582 1811 617 at-

431 655 518 697 que
549 642 655 685 adeo
688 643 864 685 infinitis
895 643 1061 687 vicibus
1092 643 1226 702 longo
1255 644 1459 703 temporis
1488 643 1708 688 intervallo
1729 641 1811 686 effe

430 707 630 752 inventa:
663 726 762 752 nam
782 723 924 753 rerum·
945 711 1120 770 quidem
1143 713 1196 755 ad
1218 713 1375 756 vietum
1396 712 1647 770 cultumque
1667 711 1812 754 neces·-

430 776 644 831 sariarum,
669 778 896 821 utilitatem
918 794 966 822 ac
986 780 1268 823 neceffitatem
1287 780 1417 838 ipsam
1440 780 1676 838 magistram
1691 777 1814 822 fiiiss‘e

431 846 634 889 credibile
664 847 750 889 est:
786 847 839 889 iis
873 862 969 890 vero
1002 863 1098 905 quae
1134 848 1186 890 ad
1220 849 1398 905 speciem
1435 857 1480 891 et
1511 856 1725 901 ornatum,
1756 843 1813 889 ad
1868 883 1898 897 .,,

431 914 682 971 magnificos
711 914 894 972 denique
923 923 967 957 et
995 915 1322 972 supervacaneos
1340 925 1560 974 apparatus
1580 914 1813 973 pertinent,

431 980 509 1022 has
527 981 620 1039 jam
642 991 825 1040 repertas
846 983 1156 1026 incrementum
1178 983 1333 1027 dediss'e
1351 984 1571 1043 probabile
1589 984 1663 1027 est.
1721 983 1810 1026 Ita-

432 1063 515 1106 que
536 1050 663 1093 etiam
684 1066 736 1093 ea
762 1066 857 1108 quae
888 1051 941 1094 ad
969 1066 1110 1094 rerum
1140 1051 1407 1109 publicarum
1436 1051 1813 1095 administrationes

433 1117 666 1175 pertinent,
687 1118 744 1161 ita
763 1120 804 1161 se
824 1119 981 1161 habere
1000 1119 1186 1176 putanda
1205 1119 1315 1163 sunt.
1374 1118 1567 1176 Antiqua
1592 1133 1714 1177 porro
1732 1117 1813 1162 effe

316 1192 423 1249 279
436 1186 596 1240 omnia,
612 1187 919 1246 AEgyptiorum
935 1186 1055 1245 leges
1076 1187 1347 1246 institutaque
1362 1186 1574 1231 indicant:
1596 1189 1703 1231 nam'
1715 1201 1814 1230 cum

433 1254 479 1296 hi
500 1256 744 1299 mortalium
765 1256 960 1298 omnium
982 1256 1254 1314 antiquiflimi
1274 1257 1354 1300 effe
1373 1257 1611 1310 videantur,
1629 1256 1748 1315 leges
1768 1262 1815 1298 et

432 1322 759 1380 descriptionem
798 1323 933 1366 civilis
971 1324 1130 1367 ordinis
1170 1325 1386 1367 consecuti
1426 1325 1536 1368 sunt.
1597 1323 1814 1368 Quocirca

431 1398 615 1447 oportet,
648 1391 700 1434 iis
734 1391 906 1448 quidem
943 1406 1038 1448 quae
1072 1391 1347 1434 tolerabiliter
1381 1393 1553 1434 inventa
1581 1399 1627 1434 et
1658 1391 1814 1434 tradita

429 1460 542 1513 sunt,
563 1460 626 1502 uti
647 1478 657 1502 ε
689 1476 786 1518 quae
806 1476 905 1503 vero
926 1461 1021 1502 sunt
1045 1460 1312 1518 praetermissa
1333 1461 1611 1518 nondumque
1631 1468 1810 1518 reperta,

431 1543 635 1585 quaerere.
696 1529 865 1586 Agrum
900 1528 1034 1586 igitur
1062 1537 1106 1571 et
1139 1543 1286 1570 eorum
1316 1528 1396 1570 effe
1426 1528 1581 1571 debere
1600 1528 1675 1586 qui
1695 1542 1814 1571 arma

429 1604 602 1652 gerunt,
624 1602 667 1637 et
687 1610 835 1638 eorum
858 1595 932 1653 qui
952 1594 1195 1652 reipublicae
1215 1593 1584 1644 administrationis
1602 1595 1699 1637 sunt
1718 1609 1814 1652 par·
1864 1600 1869 1605 “

430 1663 582 1721 ticipes
602 1679 612 1706 ε
645 1671 689 1706 et
718 1663 926 1722 agricolas
954 1663 1058 1706 alios
1078 1664 1131 1706 ab
1152 1663 1213 1705 eis
1235 1662 1315 1705 effe
1335 1670 1544 1719 oportere,
1565 1669 1609 1705 et
1627 1665 1813 1720 quantus

431 1746 535 1789 ager
555 1731 633 1774 effe
651 1731 818 1783 debeat,
840 1741 884 1774 et
903 1731 1057 1789 qualis,
1078 1731 1238 1774 dictum
1262 1732 1316 1773 est
1338 1731 1476 1789 supra.
1535 1731 1604 1773 De
1622 1731 1712 1788 agri
1733 1746 1811 1774 au-

434 1811 521 1844 tem
540 1802 752 1854 divifione,
771 1811 815 1843 et
832 1802 884 1843 iis
905 1802 980 1859 qui
1012 1816 1162 1859 agrum
1193 1801 1357 1853 colunt,
1377 1816 1486 1858 quos
1505 1808 1550 1843 etv
1568 1800 1713 1859 quales
1733 1800 1812 1844 effe

432 1877 641 1926 oporteat,
663 1869 801 1926 primo
821 1870 918 1911 loco
937 1868 1168 1911 dicendum
1191 1869 1274 1910 est:
1307 1867 1653 1925 quandoquidem
1676 1882 1814 1926 neque

433 1938 548 1979 bona
586 1937 784 1980 volumus
824 1937 904 1978 effe
943 1936 1205 1988 communia,
1244 1934 1604 1993 quemadmodum
1639 1934 1812 1992 quidam

435 2005 664 2047 dixerunt:
701 2005 772 2047 sed
805 2004 1034 2047 liberaliter
1068 2013 1112 2045 et
1146 2003 1379 2045 amicorum
1414 2002 1459 2044 in
1495 2016 1656 2044 morem
1691 2002 1813 2046 usum

434 2090 583 2118 eorum
623 2075 701 2117 effe
735 2089 1024 2126 communem,
1065 2088 1202 2130 neque
1240 2087 1484 2130 quenquam
1520 2071 1694 2124 civium,
1734 2072 1813 2114 ali-

436 2151 584 2185 mento
613 2143 812 2200 vifi’mque
848 2156 988 2199 egere.
1047 2142 1163 2183 Tum
1201 2139 1256 2182 de
1294 2138 1495 2181 sodalitiis
1533 2146 1577 2181 et
1611 2138 1818 2182 conviviis

436 2211 620 2268 publicis
642 2225 729 2253 uno
750 2225 822 2252 ore
842 2207 1107 2252 consentiunt
1136 2221 1300 2260 omnes,
1322 2221 1372 2248 ea
1390 2205 1470 2248 effe
1489 2204 1612 2248 utilia
1629 2205 1816 2249 civitati-

438 2281 519 2321 bus
551 2280 658 2321 bene
689 2276 927 2320 constitutis
946 2293 960 2318 ι
990 2283 1159 2332 propter
1193 2288 1319 2331 quam
1350 2287 1475 2330 porro
1504 2274 1670 2329 causam
1699 2273 1815 2316 idem

440 2347 564 2390 nobis
599 2360 771 2404 quoque
803 2344 1008 2396 videatur,
1036 2341 1233 2399 posterius
1264 2341 1470 2383 dicemus.
1530 2341 1714 2397 Oportet
1738 2356 1815 2384 au-

438 2424 526 2458 tem
561 2415 671 2457 inter
705 2427 854 2455 omnes
890 2410 1002 2454 cives
1037 2411 1188 2451 horum
1218 2408 1298 2450 effe
1331 2407 1694 2451 communionem.
1753 2410 1817 2451 At

440 2483 668 2541 egentibus
688 2495 772 2523 non
791 2479 915 2522 facile
944 2479 1001 2521 est
1031 2477 1075 2519 id
1104 2477 1221 2534 quod
1250 2476 1505 2533 praefinitum
1535 2490 1584 2519 ae
1611 2476 1816 2533 praestitu-

442 2563 535 2595 tum
567 2551 624 2593 est
655 2549 862 2592 tributum
893 2547 936 2588 in
967 2561 1035 2589 eas
1065 2544 1406 2588 concoenationes
1435 2543 1488 2587 de
1515 2543 1589 2587 suo
1608 2544 1815 2597 conferre,

443 2629 486 2662 et
507 2628 681 2662 caeteros
700 2617 908 2674 sumptus,
929 2614 990 2657 rei
1009 2612 1226 2656 familiaris
1245 2612 1355 2655 tueri
1374 2627 1423 2655 ac
1443 2611 1652 2655 sustinere.
1700 2613 1815 2661 Prae-

440 2698 556 2730 terea
584 2701 679 2729 vero
699 2686 888 2742 sumptus
916 2683 961 2725 in
991 2682 1094 2724 deos
1128 2689 1174 2723 et
1208 2680 1383 2723 deorum
1419 2678 1662 2738 religiones,
1686 2681 1818 2724 totius
1893 2710 1898 2716 -

441 2754 623 2796 civitatis
655 2754 750 2795 sunt
785 2764 1051 2794 communes.
1111 2748 1289 2791 Neceffe
1323 2747 1454 2805 igitur
1486 2747 1543 2790 est
1580 2761 1731 2805 agrum
1773 2748 1817 2790 in

442 2821 548 2865 duas
581 2830 718 2879 partes
748 2819 827 2863 effe
857 2817 1063 2861 divisum:
1096 2824 1225 2875 atque
1255 2815 1428 2859 alteram
1458 2814 1633 2873 quidem
1654 2823 1818 2873 partem¹
