1898 3308
459 165 545 219 640
896 158 1393 216 ARISTOTELIS
1455 189 1459 194 ·

450 300 528 329 nos
549 302 560 329 ε
591 301 739 345 pacem
760 288 971 347 agitantes
990 306 1104 343 vero,
1125 299 1168 334 et
1196 291 1285 335 otio
1315 291 1573 346 diffluentes,
1593 292 1830 352 mancipio-

450 369 545 397 rum
568 356 719 400 fimiles
744 358 838 401 effe.
899 360 1172 417 Quapropter
1191 375 1275 402 non
1297 375 1384 418 quo
1404 360 1534 403 modo
1553 361 1830 406 Lacedaemo-

451 423 527 475 nii,
563 425 703 468 colere
734 425 933 470 virtutem
967 436 1159 485 oportet:
1192 443 1278 470 non
1309 427 1424 470 enim
1453 428 1516 472 illi
1546 430 1600 472 ab
1628 429 1724 474 aliis
1748 430 1830 474 hac
1895 424 1898 428 ’

450 492 613 536 ratione
641 494 856 548 differunt,
877 511 1014 552 neque
1044 496 1138 538 aliis
1156 511 1209 539 eo
1227 498 1322 539 sunt
1353 497 1686 553 excellentiores,
1711 491 1830 559 quod

451 574 534 602 non
557 561 723 615 eadem,
742 573 871 621 atque
896 563 983 615 alii,
1005 563 1190 606 maxima
1217 564 1428 607 bonorum
1457 565 1538 608 effe
1567 574 1737 625 putent,
1756 566 1830 611 sed

449 629 591 685 potius
616 630 732 688 quod
761 631 856 673 haec
874 630 1014 688 aliqua
1046 631 1200 674 virtute
1232 631 1366 689 parari
1391 632 1644 678 existiment.
1671 655 1673 658 ⁴
1701 635 1829 680 Quo-

450 698 563 741 niam
585 708 729 743 autem
749 699 908 757 majora
927 699 1022 741 haec
1042 699 1122 742 effe
1142 700 1270 753 bona,
1292 714 1420 758 quam
1446 700 1828 754 bellicanmelius-

447 780 533 823 que
559 766 639 808 effe
668 766 736 809 his
762 766 861 819 frui,
882 781 1009 824 quam
1033 766 1290 810 virtutibus:
1321 777 1366 810 et
1383 767 1478 811 haec
1497 762 1581 812 effe*
1595 784 1670 827 per
1687 770 1826 820 hex-

441 833 643 890 >petenda,
665 833 929 891 perspicuum
957 834 1045 877 est:
1077 849 1166 892 quo
1194 836 1325 878 modo
1355 844 1399 879 et
1429 835 1588 894 quibus
1608 837 1688 884 viia
1703 838 1758 888 ad
1775 853 1829 883 ea

445 901 579 944 veniri
608 901 743 959 poffit,
771 901 1020 945 videndum.
1080 903 1176 945 Hac
1206 902 1340 960 igitur
1368 903 1594 961 partitione
1618 905 1740 963 supra
1765 907 1826 954 ufi

444 970 606 1024 sumus,
642 978 692 1012 ut
723 969 982 1024 diceremus,
1017 978 1180 1023 natura,
1215 971 1535 1026 consuetudine,
1564 973 1742 1029 ratione,
1772 975 1826 1020 iis

444 1038 521 1095 qui
541 1037 619 1081 viri
637 1038 739 1081 boni
759 1038 891 1081 flaturi
912 1039 1024 1092 sunt,
1045 1054 1154 1097 opus
1182 1038 1277 1082 effe.
1335 1040 1482 1098 Atque
1502 1056 1556 1085 ex
1574 1041 1644 1089 hia
1669 1043 1823 1095 uibus,

443 1106 560 1164 quali
581 1106 772 1165 ingenio,
793 1106 960 1164 qualive
982 1119 1130 1151 natura
1149 1108 1352 1166 praeditos
1370 1108 1452 1152 effe
1470 1118 1684 1167 oporteat.
1698 1103 1827 1161 autea

443 1173 663 1217 definitum
687 1182 731 1217 et
750 1174 1023 1218 constitutum
1047 1175 1119 1219 est.
1138 1213 1142 1216 .
1179 1176 1317 1218 Restat
1348 1184 1397 1219 ut
1425 1176 1659 1231 videamus,
1679 1170 1825 1226 utrum

443 1242 609 1286 ratione
629 1243 747 1301 prius
774 1244 998 1287 erudiendi
1016 1245 1111 1297 (int,
1132 1259 1184 1287 an
1215 1244 1520 1288 consuetudine
1543 1255 1595 1290 et
1617 1248 1825 1294 moribus.

443 1310 556 1353 Haec
585 1311 700 1354 enim
732 1319 901 1369 oportet
929 1311 1040 1354 inter
1067 1312 1107 1354 se
1136 1311 1360 1355 concinere
1388 1323 1602 1361 concentu
1627 1315 1822 1374 optimo=

443 1377 532 1421 fieri
553 1379 666 1421 enim
698 1380 828 1436 potest
849 1387 898 1422 ut
916 1388 960 1422 et
980 1380 1087 1422 ratio
1115 1380 1292 1437 alicujus
1322 1381 1376 1423 ab
1405 1381 1674 1438 optimotfine
1688 1383 1825 1442 pofito

443 1455 488 1488 et
508 1445 592 1489 fixo
613 1447 831 1499 aberrarit,
850 1455 896 1490 et
916 1446 1037 1489 fimili
1058 1447 1361 1491 consuetudine
1380 1449 1428 1490 fit
1447 1448 1670 1502 educatus.
1729 1453 1827 1498 Per.

325 1510 433 1576 296
445 1513 634 1570 spicuum
667 1514 802 1572 igitur
834 1513 1017 1572 primum
1048 1514 1132 1556 hoc
1158 1515 1332 1571 quidem
1357 1515 1429 1567 est,
1457 1516 1824 1573 quemadmodum

443 1580 488 1624 in
510 1581 619 1633 aliis,
640 1581 693 1624 fic
713 1591 756 1624 et
776 1581 819 1624 in
841 1582 921 1624 hac
941 1597 986 1624 re
1005 1590 1147 1624 ortum
1166 1597 1190 1624 a
1209 1582 1417 1639 principio
1445 1582 1615 1628 initium
1638 1599 1793 1643 capere
1809 1603 1822 1630 ε

439 1658 484 1692 et
503 1649 631 1693 finem
664 1650 718 1692 ab
747 1650 890 1708 aliquo
920 1649 1125 1707 principio
1146 1650 1274 1703 nasci,
1294 1651 1410 1708 quod
1430 1651 1565 1708 ipsum
1584 1652 1699 1696 ,alius
1727 1654 1824 1700 finis

439 1719 512 1762 est.
569 1720 632 1761 At
651 1718 759 1761 ratio
779 1728 824 1761 et
844 1733 965 1761 mens
985 1718 1109 1761 nobis
1133 1719 1229 1761 sunt
1252 1728 1412 1761 naturae
1435 1719 1544 1763 finis.
1605 1721 1750 1769 Quare
1767 1722 1822 1770 ad

394 1842 397 1844 -
439 1786 517 1829 has
545 1795 713 1844 oportet
743 1796 883 1829 ortum
915 1787 1038 1829 nostri
1070 1795 1115 1829 et
1148 1787 1463 1830 consuetudinis
1498 1786 1821 1834 meditationem

438 1864 567 1912 atque
587 1855 932 1898 exercitationem
954 1869 1111 1912 parare.
1157 1854 1326 1898 Deinde
1347 1856 1710 1913 quemadmodum
1731 1859 1823 1901 ani.

439 1937 537 1965 mus
556 1932 599 1965 et
618 1938 771 1980 eorpus
800 1922 887 1965 duo
907 1923 1001 1965 sunt
1019 1939 1029 1964 ε
1063 1923 1116 1966 fic
1146 1931 1190 1966 et
1216 1923 1346 1965 animi
1373 1923 1478 1967 duas
1497 1923 1577 1967 effe
1596 1934 1739 1982 partes
1754 1926 1819 1971 vi-

438 1989 607 2042 demus,
631 2006 757 2033 unam
789 1991 962 2033 rationis
991 1999 1223 2048 expertem,
1245 1991 1420 2033 alteram
1449 1992 1623 2035 rationis
1642 1993 1818 2050 partici—

438 2072 567 2115 pem:
599 2068 643 2101 et
673 2059 781 2101 duos
808 2059 960 2101 harum
990 2059 1173 2116 partium
1202 2059 1392 2110 habitus,
1412 2074 1592 2116 quorum
1615 2061 1737 2109 alter
1734 2071 1818 2119 ap.

435 2126 613 2183 petitus,
634 2126 739 2168 alter
757 2127 814 2168 est
835 2140 971 2169 mens.
1032 2127 1096 2168 Ut
1123 2136 1263 2168 autem
1297 2141 1450 2183 corpus
1479 2128 1624 2171 animo
1651 2129 1818 2186 origine

434 2194 552 2250 prius
577 2195 673 2237 est:
694 2193 747 2236 fic
768 2205 810 2236 et
830 2209 924 2251 pars
952 2193 1084 2236 animi
1114 2193 1288 2236 rationis
1314 2209 1475 2252 expers,
1497 2206 1615 2252 parte
1643 2197 1817 2240 rationis

435 2262 637 2319 participe
658 2261 771 2319 prior
789 2263 862 2304 est.
922 2261 1045 2304 Licet
1073 2270 1215 2304 autem
1237 2262 1320 2304 hoc
1340 2277 1512 2320 quoque
1531 2263 1636 2307 hine
1651 2264 1816 2308 intelli-

434 2345 553 2387 gere,
575 2330 690 2388 quod
711 2330 840 2372 animi
862 2329 1036 2387 quidam
1058 2330 1180 2372 ardor
1207 2329 1277 2372 seu
1307 2330 1654 2378 excandescentia
1670 2341 1717 2378 et
1738 2345 1814 2380 w·

433 2397 591 2450 luntas,
623 2407 666 2440 et
696 2406 897 2455 praeterea
927 2397 1154 2455 cupiditas,
1186 2397 1229 2439 in
1261 2398 1401 2454 pueris
1433 2398 1566 2441 statim
1596 2398 1639 2441 in
1671 2399 1814 2443 lucem

433 2465 559 2508 editis
581 2466 680 2508 inest
700 2482 710 2507 ε
742 2465 1006 2516 ratiocinatio
1027 2481 1124 2507 vero
1146 2474 1190 2508 et
1211 2480 1331 2508 mens
1352 2475 1477 2508 aetate
1506 2467 1725 2524 progreffis
1742 2467 1811 2510 in-

434 2534 543 2577 nasci
580 2534 684 2576 solet
720 2543 885 2576 natura.
946 2533 1162 2577 Quocirca
1198 2535 1382 2590 primum
1420 2534 1594 2591 quidem
1627 2535 1814 2592 corporis

433 2618 534 2646 cura
550 2602 679 2645 animi
701 2603 911 2645 culturam
934 2602 1158 2645 necessario
1177 2602 1305 2645 debet
1323 2603 1509 2645 anteire:
1541 2602 1695 2651 deinde
1713 2619 1812 2662 pro-

431 2670 546 2713 xime
565 2670 854 2727 appetitionis,
877 2670 1032 2714 mentis
1053 2669 1175 2713 causa
1199 2677 1359 2724 tamen,
1381 2684 1481 2714 cura
1510 2669 1707 2719 habenda
1723 2672 1810 2716 est}

431 2740 562 2783 animi
581 2740 734 2799 gratia,
753 2739 935 2796 coporis·
