1898 3308
435 209 519 253 740

476 307 523 340 sio
536 307 685 348 quoedam
700 311 733 339 et
746 306 918 339 conventio
929 308 976 339 ea
989 317 1003 340 1
1012 317 1024 340 1
1032 330 1041 339 .
1056 317 1088 348 3.

477 351 611 392 paetum
639 349 804 391 quoddam
829 356 862 382 et
889 357 1090 382 conventum

478 394 537 433 est,
563 394 721 435 spondens
745 399 901 426 mutuum
925 395 1090 434 utrimque

475 437 531 477 jus
549 446 621 469 101.
638 446 692 478 24.
719 437 755 468 111
776 435 1005 468 universalibus
1026 437 1091 468 im·

479 486 591 521 perat:
627 480 668 511 de
701 479 912 520 singularibus
946 479 1091 511 decernit

479 524 680 564 magistratus
701 528 735 554 et
755 521 930 564 respublica
948 531 1020 563 143.
1037 528 1090 562 25.

478 565 604 607 regesne
624 575 668 597 an
689 566 890 606 magistratus
912 573 1019 596 rerum
1034 574 1091 605 po·

479 610 535 641 tiri
559 609 696 641 debeant
720 610 792 640 108.
818 609 869 639 18.
894 616 913 638 0
939 607 1092 647 legumne

478 653 672 694 prascripto,
697 661 740 682 an
765 651 824 682 viri
851 649 1093 691 praestantiffimi

479 695 647 734 arbitratu,
675 703 783 725 rerum
806 693 970 724 summam
990 692 1095 724 admi-

479 738 601 770 nistrari
637 738 740 778 magis
774 735 923 776 expediat
960 745 1031 768 121.
1064 743 1094 773 7.

478 780 606 822 legesne
633 781 772 821 optimas
799 788 842 809 an
869 784 981 810 utrum
1013 779 1096 819 opti-

480 833 578 856 mum
600 824 755 864 imperare
775 821 873 853 satius
894 821 932 853 sit
956 828 1029 859 127.
1047 831 1098 853 10.

481 866 567 907 leges
593 866 634 896 ad
662 865 846 906 reipublicae
876 864 1015 895 sormam
1042 874 1097 895 ac-

438 920 440 922 *
482 908 700 941 commodatae
714 907 776 939 esse
790 908 921 944 debent,
935 916 1001 938 non
1017 915 1096 938 con-

483 959 532 984 tra
550 962 622 992 132.
640 961 692 992 3¹-
719 951 805 991 leges
820 960 839 982 a
853 950 1025 990 legissatore
1040 960 1095 981 ac-

482 995 682 1027 commodari
718 995 837 1025 debent
864 1000 897 1024 et
924 993 965 1024 ad
993 994 1094 1032 regio-

482 1047 574 1076 nem,
590 1044 623 1069 et
637 1038 677 1069 ad
691 1037 843 1069 homines
857 1036 994 1076 regionis
1008 1035 1094 1067 illius

482 1081 606 1113 incolas
619 1083 674 1122 48.
691 1089 743 1122 19.
757 1080 842 1120 leges
856 1080 897 1110 ad
910 1079 1094 1119 reipublicae

482 1124 757 1156 conservationem
779 1122 944 1163 quomodo
966 1131 1096 1152 accom-
1127 1154 1131 1156 ,

482 1167 655 1199 medandae
674 1176 748 1207 242.
766 1166 816 1197 16.
846 1165 931 1205 leges
944 1165 985 1195 ad
999 1164 1096 1205 pluri-

482 1219 598 1248 umne,
621 1220 663 1241 an
688 1209 729 1240 ad
749 1208 922 1240 meliorum
949 1216 1097 1239 commo-

487 1253 532 1284 da
566 1253 670 1285 referri
706 1262 726 1283 a
753 1252 926 1292 legissatore
959 1250 1098 1282 debeant

488 1305 561 1335 113.
581 1306 642 1336 14:
668 1304 740 1335 114.
765 1305 815 1327 12.
843 1294 928 1334 leges
943 1293 977 1324 111
991 1293 1098 1324 rebus-

483 1339 625 1380 publicis
653 1337 815 1379 quaedam-
833 1337 874 1367 ad
903 1346 1095 1377 pauperum,

485 1381 638 1422 quadam
672 1381 714 1412 ad
749 1380 889 1411 divitum
924 1379 1099 1410 commoda

482 1424 559 1455 latae
578 1425 650 1455 161.
667 1433 696 1455 1.
716 1425 766 1454 18.
787 1422 873 1462 leges
886 1422 920 1453 in
935 1421 1100 1462 republica

482 1466 533 1498 nil
560 1467 704 1508 prosunt,
725 1464 784 1496 nifi
804 1465 901 1496 bonae
921 1463 1097 1504 disciplinae

474 1509 651 1544 'assuefiant
670 1510 756 1540 cives
771 1515 845 1546 207.
864 1517 914 1539 ιο.
942 1507 1027 1546 leges
1041 1516 1097 1547 pa·

484 1553 554 1584 triae
575 1562 618 1583 an
634 1550 801 1584 mutandae
815 1551 850 1582 in
862 1549 1028 1591 republica
1043 1550 1096 1582 61.

487 1604 549 1627 10:
573 1596 627 1627 62.
654 1604 704 1636 14.
737 1594 817 1634 legis
841 1593 939 1624 unius
966 1592 1099 1624 violatio

485 1638 568 1679 saepe
590 1647 725 1678 magnas
748 1636 945 1668 mutationes
959 1636 994 1666 in
1013 1645 1096 1666 rem-

484 1681 652 1722 publicam
677 1680 802 1712 invehit
829 1679 882 1710 61.
908 1688 959 1718 13.
985 1678 1097 1718 legum

485 1723 680 1764 transgreffio
709 1732 807 1764 parva
834 1721 989 1761 neglecta,
1016 1722 1098 1762 saepe

484 1768 613 1807 magnis
629 1767 772 1798 motibus
794 1764 996 1796 occationem
1017 1774 1099 1804 prae-

484 1809 540 1841 bet
557 1811 629 1850 183.
646 1816 698 1851 25.
726 1808 813 1848 leges
830 1814 961 1846 veteres,
976 1807 1098 1847 111111111-

485 1862 540 1884 ces
560 1858 651 1884 erant
665 1859 697 1883 et
709 1851 883 1883 barbaricae
899 1852 952 1882 61.
969 1860 1021 1883 22.
1049 1850 1097 1881 10-

485 1905 567 1936 gum
587 1897 647 1926 tria
667 1896 836 1926 dumtaxat
856 1903 971 1934 genera
990 1893 1099 1924 statuit

485 1938 714 1980 Hippodamus
735 1938 788 1979 58.
806 1938 838 1968 6.
866 1937 952 1977 leges
973 1936 1098 1967 rustica

428 1995 431 1998 ·
487 1991 561 2023 239.
583 1991 633 2021 13.

442 2021 610 2064 legissator
623 2025 727 2055 bonus
742 2021 878 2063 speRare
893 2030 966 2062 quae
984 2021 1098 2052 debeat

486 2068 559 2100 260.
587 2076 647 2098 12:
673 2075 747 2105 290.
773 2072 836 2106 15:
861 2074 934 2106 291.
961 2074 1010 2095 11.
1039 2065 1098 2095 rei-

484 2109 625 2150 publicae
639 2116 742 2150 partes
763 2114 825 2139 tres
847 2106 983 2148 speaare
1004 2107 1097 2138 debet

489 2153 562 2192 163.
581 2159 632 2192 14.
659 2152 699 2182 ad
715 2152 830 2182 mediae
844 2150 1037 2182 conditionis
1051 2151 1098 2180 ci-

483 2204 540 2227 ves
566 2195 688 2235 semper
708 2195 742 2225 in
764 2193 928 2234 republica
948 2193 1097 2232 respicere

485 2238 581 2269 debet
596 2239 669 2269 160.
687 2246 737 2268 10.
760 2236 940 2276 legissatoris
955 2236 989 2266 in
1003 2236 1096 2266 disci·

486 2280 577 2321 plina
602 2279 793 2311 instituenda
822 2279 935 2319 scopus
960 2287 1034 2318 293.
1062 2280 1094 2310 8.

486 2323 712 2364 legumlatores
739 2322 944 2353 institutionis
976 2321 1095 2352 rectam

485 2375 637 2398 normam
658 2375 701 2396 1111
721 2365 819 2396 secuti
841 2365 875 2396 in
897 2364 1096 2396 instituendis

484 2408 714 2450 rebuspublicis
736 2417 810 2447 29¹·
835 2417 888 2440 21.
916 2407 1099 2448 legissatoris

485 2452 691 2483 democratici
716 2451 862 2482 officium
892 2459 966 2491 242.
993 2451 1022 2480 8.
1052 2449 1098 2480 le-

483 2495 678 2535 gumlatores
706 2493 859 2534 praecipui
884 2494 940 2533 qui
966 2492 1097 2531 fuerint,

485 2544 519 2569 et
541 2548 620 2578 quas
643 2537 727 2577 leges
752 2536 837 2576 apud
861 2545 941 2576 quos
966 2535 1098 2566 tulerint

485 2586 539 2622 79.
555 2591 607 2613 22.
629 2579 854 2620 legumlatores
869 2579 923 2610 alii
939 2579 1001 2609 suis
1015 2578 1095 2609 eivi-

482 2623 558 2660 bus,
573 2623 627 2654 alii
647 2623 758 2654 alienis
780 2621 864 2662 leges
885 2621 1092 2662 scripserunt3

483 2671 518 2697 et
546 2666 602 2697 alii
629 2667 663 2696 in
692 2664 874 2706 reipuBlicae
896 2664 1094 2695 administra·

483 2709 584 2747 tione,
608 2708 662 2740 alii
685 2709 719 2739 in
741 2708 808 2738 vita
828 2707 949 2747 privata
973 2708 1023 2744 78.
1042 2716 1092 2738 11.

482 2750 707 2791 legumlatores
729 2751 856 2791 optimi,
884 2759 903 2781 0
924 2750 1093 2781 mediocris

482 2794 676 2826 conditionis
684 2793 872 2825 hominibus
881 2793 1009 2825 suerunt
1021 2801 1033 2823 1
1040 2799 1058 2834 5
1064 2800 1094 2831 7.

439 2844 563 2921 Ῐΰξζῐῐῑ
577 2879 722 2913 modes
742 2885 776 2913 et
795 2879 930 2912 ministri
944 2878 1000 2922 qui
1015 2887 1096 2911 con-

1152 393 1362 425 Liberalitatis
1390 393 1537 426 officium
1564 394 1598 425 in

908 176 1078 245 11101111
1115 206 1331 246 nanum.

1195 307 1343 340 stituendi
1361 313 1432 349 125.
1450 314 1501 348 13.
1533 305 1649 349 lego.
1663 303 1807 342 ω

1195 360 1261 391 qua
1274 351 1434 383 utendum
1450 351 1646 392 magistratui
1662 357 1736 397 1η.
1753 355 1784 391 5.
1798 346 1804 351 ’

1619 393 1810 435 opnor-usu

1196 437 1336 468 cemimr
1349 447 1403 479 42.
1422 447 1472 470 20.
1499 436 1671 469 liberalius
1682 433 1808 469 mitur

1197 479 1231 510 in
1259 488 1366 511 rerum
1394 480 1546 512 omniurn
1573 478 1812 512 commu-irat·

1196 531 1252 562 42..
1271 523 1322 553 18.

1155 563 1328 596 Liberiores
1349 563 1460 605 populi
1479 565 1535 606 qui
1557 572 1632 604 271.
1647 571 1680 605 7.
1698 573 1749 606 13.
1770 563 1812 595 li·
1831 572 1834 575 ’

1199 607 1265 638 beri
1289 613 1403 638 natura
1424 607 1558 648 quidam
1578 607 1665 646 sunt,
1684 613 1720 639 et
1742 616 1811 639 non

1199 650 1273 682 sunt
1292 659 1341 690 ¹3·
1364 659 1391 681 1.
1420 650 1510 681 liberi
1534 650 1721 693 01111μυὶ
1746 650 1812 682 sola

1200 694 1316 724 virtute
1329 693 1497 724 censentur
1509 703 1559 726 12.
1577 692 1813 732 xviima-in·

1201 737 1296 776 genia
1318 736 1490 767 abhorrent
1511 737 1552 767 ab
1573 734 1811 768 adulationibus

1203 789 1277 811 220.
1294 781 1325 810 6.
1346 779 1435 810 liberi
1449 780 1600 811 homines
1613 784 1750 820 quatum
1765 787 1814 809 re·

1204 831 1275 854 rum
1299 823 1486 863 potestatem
1509 822 1544 853 in
1565 820 1730 862 republica
1753 821 1814 852 ha-

1202 864 1276 896 bere
1290 865 1426 896 debeant
1443 866 1515 896 106.
1533 866 1564 896 6.
1592 863 1687 896 liberi¹
1703 864 1812 896 homi-

1203 908 1253 939 nis
1268 909 1335 939 vita
1349 910 1422 941 262.
1439 915 1470 946 7.
1499 906 1598 940 libera
1617 907 1695 945 vita,
1717 906 1813 939 herili

1201 951 1254 981 seu
1268 951 1479 982 dominatrice
1492 956 1535 986 an
1549 950 1663 982 melior
1677 951 1729 983 26.
1747 950 1800 982 16.

1158 992 1343 1025 Liberorum
1357 993 1622 1034 procreandorum
1643 991 1699 1025 lex
1711 993 1814 1034 Spar·

1202 1042 1245 1067 tae
1266 1046 1309 1067 an
1331 1036 1412 1068 10810
1432 1034 1606 1068 constituta
1619 1036 1673 1068 6‘6.
1687 1044 1742 1078 24.
1769 1035 1812 1068 ad

1202 1079 1376 1111 liberorum
1410 1080 1665 1120 procreationem
1706 1077 1813 1120 qualis

1203 1123 1378 1163 requiratur
1391 1123 1530 1163 corporis
1543 1122 1673 1154 habitus
1689 1130 1762 1164 299.
1778 1131 1810 1154 2.

1200 1165 1374 1197 liberorum
1388 1166 1562 1206 procreatio
1581 1165 1734 1206 quorsum
1755 1164 1813 1196 ref.

1204 1217 1278 1248 329.
1297 1215 1347 1249 15.
1373 1207 1545 1240 liberorum
1559 1208 1737 1249 procreatio
1747 1216 1814 1248 quo

1202 1253 1355 1292 temporis
1369 1252 1468 1293 spatio
1480 1251 1620 1282 limitata
1634 1259 1709 1291 300.
1724 1259 1756 1290 3.
1774 1249 1815 1281 li·

1201 1294 1354 1325 berorum
1373 1294 1549 1335 procreatio
1568 1301 1705 1325 numero
1725 1292 1813 1324 limi-

1203 1342 1268 1368 tata
1285 1345 1360 1378 299.
1379 1338 1428 1368 18.
1451 1337 1625 1369 liberorum
1637 1336 1814 1378 procreatio

1204 1380 1238 1410 ni
1267 1379 1436 1418 limitetur,
1460 1379 1593 1411 absurde
1615 1378 1814 1420 porreffioqes

1204 1428 1374 1463 aequantur
1394 1431 1448 1464 49.
1472 1433 1525 1455 22.
1554 1422 1729 1454 liberorum
1750 1430 1813 1453 nu·

1205 1474 1313 1497 merua
1326 1465 1514 1497 limitandus
1524 1465 1581 1496 ubi
1595 1473 1697 1506 opum
1709 1473 1814 1505 quan-

1203 1509 1286 1539 titati
1301 1514 1406 1539 certus
1421 1508 1517 1540 limes
1535 1507 1745 1549 prescribitur
1759 1514 1813 1548 53-

1206 1560 1258 1584 20.
1291 1550 1466 1583 liberorum
1500 1550 1604 1582 nimia
1637 1549 1818 1582 multitudo

1203 1603 1269 1633 qua
1282 1594 1403 1625 ratione
1423 1593 1504 1625 olim
1525 1593 1679 1634 impedita
1693 1601 1744 1632 72.
1761 1593 1814 1627 26-

1203 1635 1294 1668 liberi
1307 1636 1413 1668 alendi
1427 1637 1497 1677 qui,
1510 1637 1632 1678 quique
1649 1645 1816 1678 exponen-

1203 1679 1237 1711 di
1253 1689 1326 1721 299.
1344 1689 1394 1712 20.
1409 1679 1582 1711 liberorum
1594 1677 1697 1711 viana
1709 1678 1815 1719 qualis

1203 1722 1264 1753 effe
1293 1722 1407 1754 debeat
1436 1731 1509 1762 300.
1545 1731 1596 1756 20.
1638 1721 1813 1753 liberorum

1203 1765 1352 1796 educatio
1365 1772 1397 1797 et
1412 1765 1567 1797 institutio
1583 1765 1748 1806 quomodo
1762 1765 1814 1796 in-

1204 1809 1290 1839 stitui
1313 1808 1427 1840 debeat
1453 1818 1526 1848 300.
1553 1816 1604 1849 19.
1631 1807 1747 1839 liberos
1769 1817 1815 1840 aa

1205 1851 1262 1882 suo
1284 1851 1418 1892 quisque
1443 1851 1542 1883 modo
1571 1850 1730 1883 instituere
1758 1851 1815 1882 de·

1204 1893 1279 1925 beat
1293 1901 1367 1935 305.
1385 1900 1435 1934 15.
1465 1893 1555 1926 liberi
1568 1894 1707 1926 divitum
1721 1894 1815 1935 Spar·

1205 1942 1247 1967 tae
1261 1938 1375 1968 eodem
1389 1938 1566 1969 educantur
1579 1937 1678 1968 modo
1691 1945 1757 1978 quo
1776 1937 1816 1969 li-

1205 1979 1271 2011 beri
1295 1989 1473 2021 pauperum
1491 1986 1561 2020 152.
1579 1988 1630 2020 19.
1656 1979 1746 2011 liberi
1768 1988 1814 2011 ε-

1204 2028 1270 2053 tate
1291 2033 1351 2054 1100
1374 2023 1472 2054 nimis
1493 2023 1575 2054 infra
1595 2029 1739 2063 parentes
1752 2022 1814 2054 effe

1204 2065 1333 2100 debent.
1347 2075 1419 2109 nee·
1429 2066 1527 2097 nimis
1541 2066 1582 2097 ad
1595 2075 1650 2097 eos
1663 2066 1815 2097 accedere

1206 2116 1280 2147 297.
1308 2116 1339 2149 5.
1368 2108 1474 2140 liberis
1499 2117 1652 2149 pauperet
1678 2114 1814 2140 utuntur

1203 2160 1261 2190 pro
1275 2151 1424 2182 ministris
1438 2157 1510 2192 253.
1530 2160 1541 2182 1
1550 2159 1579 2182 1.
1593 2151 1709 2182 liberos
1721 2159 1814 2182 com-

1204 2203 1320 2225 munes
1333 2194 1394 2225 effe
1409 2202 1450 2224 an
1465 2195 1614 2234 expediat
1628 2201 1681 2234 37.
1700 2203 1749 2233 13.
1773 2194 1813 2225 li·

1202 2236 1294 2268 beros
1309 2246 1366 2278 pro
1380 2236 1587 2268 similitudine
1599 2245 1677 2268 cum
1699 2244 1812 2278 paren-

1202 2279 1301 2317 tibus,
1330 2280 1478 2311 dividunt
1506 2280 1613 2321 Libyae
1647 2279 1814 2320 superioris

1202 2322 1318 2354 incolae
1335 2330 1386 2362 37.
1410 2324 1462 2354 28.
1491 2322 1526 2353 in
1546 2323 1661 2354 liberos
1682 2323 1812 2363 imperi⁴

1202 2374 1262 2396 um
1289 2366 1370 2406 patri
1398 2365 1523 2405 regium
1552 2372 1604 2404 27.
1631 2374 1681 2397 11.
1720 2366 1812 2403 liberi

1199 2407 1367 2446 juniorum
1382 2408 1493 2448 quales
1510 2415 1583 2448 297.
1599 2417 1652 2440 20.

1159 2450 1300 2482 Libertas
1323 2450 1422 2491 vulgo
1444 2457 1574 2492 putatur
1597 2451 1700 2482 facere
1725 2451 1812 2494 quod

1202 2493 1330 2525 libuerit
1356 2501 1429 2532 207.
1457 2503 1512 2535 ²9·
1541 2493 1669 2525 libertas
1693 2495 1809 2538 11111ιί3.

1202 2545 1342 2576 quorum
1365 2536 1526 2568 malorum
1547 2537 1652 2567 causta
1667 2538 1739 2570 228.
1757 2545 1810 2575 27.

1201 2578 1354 2611 libertatis
1381 2580 1606 2611 democraticae
1633 2578 1721 2620 figm
1744 2580 1814 2616 duo

1202 2632 1277 2663 ²34-
1296 2629 1324 2663 5.
1378 2651 1381 2653 ,

1158 2663 1258 2707 libya
1279 2665 1417 2706 superior
1435 2664 1584 2697 muliere·
1601 2663 1699 2696 habet
1719 2673 1810 2697 com-

1201 2717 1316 2739 munes
1332 2717 1348 2748 3
1356 2715 1384 2746 7.
1402 2710 1454 2740 28.

1158 2749 1303 2782 Licentia
1330 2750 1434 2789 1113501
1458 2750 1560 2782 indies
1585 2749 1732 2788 sumitur,
1751 2749 1810 2786 ubi

1202 2794 1298 2824 semel
1313 2794 1391 2835 quid
1405 2793 1567 2825 indultum
1582 2794 1626 2824 est
1644 2795 1715 2834 198.
1733 2803 1783 2825 11.

1158 2836 1317 2869 Limitum
1359 2842 1519 2869 curatore·
1567 2835 1689 2879 publici
1733 2836 1807 2877 ²4⁸-

1205 2880 1256 2913 18.
