1898 3308
459 193 543 240 590
780 205 788 211 -
856 175 1394 234 -ARISTOTELssls
1444 207 1448 211 -

457 301 559 347 dine
584 314 713 350 erunt
740 310 948 354 contenti.
1007 312 1122 356 Nam
1153 327 1232 356 nec
1261 310 1438 356 aliorum
1468 292 1731 354 deterieruiiff'
1746 305 1833 350 im-

457 366 577 428 perio
594 375 816 430 parebunt,
837 386 882 420 et
900 377 1010 436 juste
1039 378 1336 437 imperabunt.
1367 378 1467 438 quia
1489 377 1619 435 pende
1637 362 1744 420 aliod
1762 384 1832 418 ra-

459 439 626 483 tionum
671 442 1017 500 reposcendarum
1060 446 1108 489 fit
1148 447 1341 504 potestas.
1400 445 1586 490 Pend‘ere
1622 442 1739 487 enim
1777 456 1831 485 ex

459 507 636 553 aliorum
659 510 826 568 judicio
856 523 985 571 atque
1014 514 1279 567 auctoritate,
1300 523 1344 558 et
1362 513 1568 573 quicquid
1589 512 1693 556 velit'
1717 510 1831 570 ‘'quis,

459 575 598 621 facere
620 593 704 621 non
723 580 865 633 licere,
886 582 991 624 utile
1011 582 1083 624 est.
1141 583 1258 624 Nam
1280 582 1491 640 quidlibet
1519 579 1677 639 agendi
1688 577 1829 624 lieen-

459 644 521 687 tia
540 660 590 688 ac
608 648 803 704 potestas,
836 648 879 690 id
910 649 1063 706 quod'
1052 665 1096 692 m
1122 664 1381 708 unoquoque
1399 648 1574 710 homine
1586 646 1696 693 m'al’z
1706 646 1829 698 inest,

461 712 591 756 vitare
622 730 707 756 non
738 715 884 772 potest.
943 717 1090 774 Itaque
1121 717 1344 760 necessario
1374 715 1418 759 id
1447 713 1616 767 evenit,
1625 713 1759 773 quea
1775 715 1834 756 est

460 783 662 826 omnibus
690 784 934 841 reipublicae
961 785 1293 828 administrandae
1313 785 1460 828 formis
1481 780 1763 834 utiliffimiimj
1781 782 1833 824 ιἰῗ

460 851 536 893 viri
568 852 670 894 boni
701 851 945 909 reipublicae
976 854 1155 911 praefint,
1173 854 1258 897 tuti
1286 869 1311 896 a
1338 853 1526 911 periculo
1546 848 1767 910 pecchndl,
1786 858 1834 892 et

461 917 544 960 fine
575 918 875 963 imminutione
904 920 1055 964 virium
1084 930 1158 965 aut
1186 922 1510 965 commodorum
1528 916 1831 963 multitudinis.

461 988 588 1030 Hanc
635 987 770 1046 igitur
811 989 1162 1033 democratiarum
1201 989 1281 1033 effe
1318 990 1541 1048 optimam,
1579 987 1836 1046 et³'1n·opter

461 1070 589 1111 quam
612 1056 792 1109 causam,
812 1056 1075 1114 perspicuum
1095 1058 1176 1102 est:
1209 1072 1362 1115 nempe
1388 1056 1488 1115 quia
1513 1052 1833 1115 populus‘cert'o

461 1122 647 1179 quodam
665 1123 794 1166 modo
812 1123 1000 1176 affeetus,
1022 1134 1065 1168 et
1081 1126 1192 1169 bene
1212 1125 1501 1168 conformatus
1526 1123 1599 1168 est.
1660 1121 1731 1165 Ad
1754 1134 1831 1180 po-

462 1189 610 1247 pulum
647 1199 789 1234 autem
828 1192 1100 1250 agriculturae
1138 1193 1365 1236 studiosum
1409 1189 1674 1236 reddendum
1714 1188 1835 1258 leges

461 1257 659 1314 quaedam
679 1274 732 1301 ex
752 1259 804 1302 iis
825 1275 923 1318 quae
953 1261 1064 1318 apud
1094 1261 1275 1319 populos
1303 1260 1408 1304 olim
1436 1259 1578 1317 pofitae
1604 1259 1716 1336 sunt,
1735 1272 1833 1300 om-·

462 1339 538 1367 nes
557 1325 757 1383 adjuvent
777 1336 820 1370 et
839 1328 1071 1382 conferant,
1093 1337 1166 1372 aut
1196 1344 1250 1372 ne
1279 1328 1454 1372 omnino
1481 1327 1608 1370 liceat
1631 1322 1832 1394 majorem

461 1394 553 1451 agri
582 1395 775 1449 modum,
801 1412 929 1454 quam
961 1413 986 1440 a
1014 1397 1111 1456 lege
1142 1397 1399 1455 praefinitum
1428 1396 1490 1449 fit,
1512 1394 1728 1453 poffidere,
1760 1389 1835 1436 aut

462 1477 516 1504 ne
535 1461 661 1505 liceat
681 1463 808 1520 usque
827 1479 852 1507 a
870 1473 987 1508 certo
1008 1465 1104 1509 loco
1124 1466 1176 1509 ad
1195 1465 1399 1524 oppidum
1431 1473 1475 1507 et
1503 1463 1555 1506 ad
1586 1456 1760 1506 vrbem.
1791 1471 1836 1504 et

459 1531 506 1574 in
534 1532 683 1575 multis
711 1532 954 1576 civitatibus
983 1533 1080 1592 lege
1109 1533 1381 1577 constitutum
1402 1540 1506 1584 erat,
1526 1533 1580 1574 ne
1598 1530 1668 1574 cui
1688 1527 1839 1574 liceret

459 1600 720 1656 pofl'effiones
752 1601 965 1659 antiquas,
998 1617 1093 1659 quae
1112 1602 1270 1667 Primae
1306 1602 1413 1645 forte
1444 1598 1703 1660 obtigifl‘efit3
1735 1607 1837 1641 ven-

461 1668 576 1711 dere.
635 1670 706 1711 Est
736 1679 781 1712 et
813 1685 876 1722 ea,
907 1685 1036 1728 quam
1067 1669 1198 1728 Oxyli
1228 1670 1371 1728 legem
1399 1670 1481 1713 effe
1508 1668 1674 1721 dicunt,
1703 1668 1832 1711 talem

460 1737 674 1793 quandam
696 1737 781 1780 vim
805 1737 980 1790 habens,
1001 1746 1051 1781 ut
1072 1738 1221 1796 nequis
1244 1737 1466 1795 pecuniam
1495 1735 1618 1780 alteri
1640 1735 1833 1779 mutuam

459 1804 594 1857 daret,
616 1814 733 1862 parte
753 1805 892 1862 aliqua
910 1805 1016 1863 agri,
1038 1807 1108 1849 seu
1128 1805 1266 1858 fundi,
1287 1821 1412 1863 quem
1438 1803 1621 1864 quisque
1643 1804 1834 1857 haberet,

460 1872 515 1915 ab
535 1887 587 1915 eo
607 1873 773 1931 pignori
797 1884 983 1931 accepta.
1041 1875 1171 1918 Nunc
1191 1875 1347 1917 'autem
1376 1874 1504 1917 etiam
1526 1871 1835 1932 Aphytaeorum
1884 1924 1891 1931 ‚

459 1941 559 1999 lege
593 1941 686 1984 haec
719 1942 863 1984 omnia
895 1941 1078 2000 dirigere
1110 1958 1187 1986 nos
1218 1951 1414 2000 oportet=
1453 1943 1508 1985 est
1541 1937 1654 1984 enini
1688 1934 1834 1996 adid,

462 2010 579 2067 quod
609 2010 807 2063 dicimus,
829 2010 961 2053 utilis.
1019 2012 1132 2054 Nam
1155 2011 1233 2064 illi,
1252 2010 1446 2068 quamvis
1467 2013 1510 2053 e't
1531 2010 1654 2053 multi
1675 2008 1770 2064 fine,
1791 2021 1836 2054 et

461 2092 611 2134 agrum
647 2079 869 2136 angustum
901 2078 1102 2131 habeant,
1125 2094 1275 2121 omnes
1305 2088 1447 2121 tamen
1478 2076 1574 2120 sunt
1604 2069 1804 2137 agrico'lae
1823 2075 1849 2121 :⁴

347 2151 450 2193 240
464 2161 548 2187 non
569 2146 682 2188 enim
704 2147 924 2188 censentur
943 2155 1054 2189 totas
1080 2147 1356 2203 poffeffiones,
1377 2159 1515 2205 neque
1543 2143 1697 2190 fundos
1727 2147 1839 2191 inte-

462 2229 563 2272 gros
584 2214 626 2256 in
646 2214 816 2256 censum
844 2213 1046 2266 referunt,
1070 2213 1138 2257 scd
1159 2214 1202 2257 in
1221 2224 1287 2257 tot
1305 2214 1531 2272 particulas
1558 2208 1769 2268 dividunt,
1791 2223 1839 2259 ut

462 2282 590 2324 etiam
612 2297 815 2339 pauperes
835 2283 1025 2325 censibus
1049 2282 1201 2325 divites
1226 2283 1416 2339 superare
1445 2283 1612 2341 poflint.
1671 2285 1835 2327 Secun-

461 2349 564 2391 dum
585 2365 678 2392 eam
700 2350 1020 2393 multitudinem
1041 2365 1138 2407 quae
1163 2365 1216 2393 ex
1241 2350 1440 2408 agricolis
1459 2352 1634 2405 constat,
1655 2352 1837 2421 populus

460 2419 533 2460 ille
562 2420 618 2461 est
648 2419 852 2476 optimus,
873 2419 915 2461 in
936 2434 1024 2476 quo
1044 2419 1139 2462 sunt
1168 2420 1363 2476 pastores,
1385 2429 1429 2462 et
1447 2421 1520 2477 qui
1542 2435 1592 2463 ex
1613 2435 1659 2463 re
1679 2429 1833 2479 pecua-

459 2488 521 2529 ria
541 2488 665 2530 vitam
689 2488 884 2530 tolerant.
944 2487 1088 2530 Multa
1107 2487 1220 2530 enim
1250 2488 1379 2531 habet
1398 2488 1669 2546 agriculturae
1681 2488 1838 2532 similia

459 2570 527 2596 res
546 2554 740 2611 pecuaria
761 2571 772 2597 ε
804 2565 848 2597 et
874 2554 990 2612 quod
1009 2555 1062 2596 ad
1081 2550 1286 2597 militares
1306 2565 1351 2597 et
1369 2556 1543 2598 bellicas
1564 2551 1748 2599 ac‘ticnes
1769 2564 1834 2599 at'-

459 2622 585 2674 tinet,
604 2623 648 2664 hi
671 2623 765 2664 sunt
782 2623 968 2665 maxime
986 2623 1220 2675 exercitati,
1238 2631 1282 2665 et
1302 2623 1376 2666 tali
1397 2624 1582 2681 corporis
1601 2615 1766 2676 habitu,
1788 2633 1840 2667 ut

460 2704 618 2746 magno
637 2690 728 2732 usui
750 2689 829 2732 effe
851 2690 1112 2746 reipublicae,
1134 2698 1177 2732 et
1197 2690 1325 2732 vitam
1346 2692 1420 2733 sub
1440 2691 1512 2733 dio
1531 2689 1687 2749 degere
1716 2691 1838 2734 facile

459 2758 609 2813 postint
631 2774 640 2799 :
672 2757 765 2800 aliae
786 2768 927 2800 autem
949 2758 1034 2801 fere
1054 2774 1218 2811 omnes,
1240 2774 1292 2802 ex
1320 2760 1479 2817 quibus
1503 2769 1666 2803 caeterae
1689 2759 1836 2802 demo-

458 2824 600 2866 cratiae
628 2826 833 2879 constant,
855 2826 1170 2880 multitudines,
1191 2826 1330 2870 multo
1360 2827 1454 2870 sunt
1485 2827 1550 2869 his
1580 2826 1805 2871 deteriores
1824 2845 1844 2871 :-
