1898 3308
472 199 572 248 DE·
611 201 1036 247 REPUBLICA
1079 202 1184 247 v11.
1212 215 1255 257 4.
1459 183 1543 260 61'5

148 318 416 384 &mitens
435 317 685 370 bominibus
710 326 874 369 civitas.
934 324 1073 383 Atqui
1093 325 1222 369 etiam
1241 325 1327 368 hoc
1345 340 1398 369 ex
1418 324 1543 369 factis

146 387 378 437 &eventis
405 403 579 454 apparet
609 394 780 438 difficile
811 394 906 446 effe,
928 392 1093 435 fortaffe
1124 408 1224 435 vero
1247 408 1301 436 ne
1322 394 1410 436 fieri
1440 394 1538 452 qui·
1554 385 1663 438 266

148 459 253 504 dem
281 462 399 520 pofl'e
427 473 479 506 ut
511 463 660 507 civitas
688 462 871 506 nimium
901 462 1102 519 frequens
1132 460 1400 515 hominibus,
1430 463 1542 506 bene

149 526 322 587 legibus
339 539 528 590 regatur,
589 533 746 575 Earum
777 530 954 589 quidem
986 537 1101 572 certe
1130 544 1227 587 quae
1247 530 1450 587 praeclare
1468 531 1545 574 ad.

148 596 374 643 ministrari
394 600 606 654 videntur,
627 600 789 644 nullam
811 600 1007 643 videmus
1025 598 1079 643 ad
1098 599 1368 657 quantamvis
1389 600 1539 643 multi-

146 666 346 710 tudinem
364 668 651 727 recipiendam
672 669 753 712 effe
772 669 996 721 remissam,
1017 667 1189 711 effusam
1210 681 1260 710 ac
1279 666 1538 713 diffolutam.
1604 704 1612 709 A

145 735 248 779 Hoc
280 745 428 781 autem
466 738 597 781 etiam
635 737 872 780 rationibus
908 736 1180 780 demonstrari
1215 744 1260 780 et
1300 736 1540 780 confirmari

144 804 306 862 potest:
342 820 441 850 nam
463 813 507 849 et
525 806 611 858 lex,
630 805 740 849 ordo
757 805 932 864 quidam
954 806 1042 848 est:
1074 813 1119 848 et
1147 806 1263 848 bona
1289 805 1437 864 legum
1467 804 1536 848 in-

145 871 321 927 stitutio,
354 873 468 917 bona
499 874 695 933 quaedam
729 874 941 917 ordinatio
973 875 1060 917 est:
1098 883 1143 917 at
1178 888 1383 917 numerus
1417 873 1538 917 valde

31 907 37 950 *-
62 964 65 966 ·
137 940 320 984 modum
351 941 566 1000 superans,
594 958 681 986 non
713 944 848 1002 potest
878 942 1040 985 ordinis
1068 943 1149 986 effe
1178 943 1420 1000 particeps:
1451 942 1537 986 boc

140 1007 256 1052 enim
289 1009 446 1053 divinae
474 1011 694 1070 potestatis
727 1026 836 1070 opus
864 1012 938 1064 est,
969 1026 1066 1070 quae
1101 1019 1146 1054 et
1177 1011 1262 1054 hoc
1290 1009 1534 1054 universum

139 1076 387 1121 moderatur
420 1087 466 1122 et
498 1079 707 1123 continet.
768 1079 988 1124 Quoniam
1019 1078 1154 1137 igitur
1180 1077 1460 1137 pulchritudo
1482 1079 1534 1122 in

139 1144 420 1191 multitudine
439 1155 484 1191 et
505 1147 805 1207 magnitudine
825 1149 1041 1191 consistere
1069 1147 1190 1201 solet,
1211 1147 1282 1191 cui
1312 1147 1475 1190 civitati
1498 1147 1534 1190 is

139 1214 213 1278 est,
235 1231 363 1275 quem
384 1217 491 1270 dixi,
512 1232 613 1260 cum
635 1217 934 1276 magnitudine
955 1217 1210 1275 conjuncius
1239 1216 1534 1260 multitudinis

52 1310 60 1319 s
138 1285 364 1339 terminus,
394 1286 489 1329 haec
519 1286 667 1329 civitas
697 1286 985 1345 pulcherrirna
1014 1286 1062 1328 fit
1094 1286 1256 1328 necefl'e
1289 1287 1362 1329 est.
1424 1287 1533 1330 Prae-

135 1361 252 1398 terea
270 1369 372 1399 vero
390 1355 545 1414 aliquis
573 1356 630 1397 est
661 1355 790 1398 etiam
822 1355 1070 1398 civitatibus
1100 1354 1415 1413 magnitudinis
1435 1371 1531 1399 mo-

133 1421 235 1477 dus,
252 1424 620 1483 quemadmodum
649 1433 694 1468 et
724 1425 902 1468 aliarum
931 1440 1073 1468 rerum
1103 1425 1316 1477 omniurn,
1335 1425 1530 1469 animan-

133 1491 262 1546 tium,
281 1491 524 1550 plantarum
544 1493 615 1536 seu
636 1493 853 1545 arborum,
876 1493 1247 1536 instrumentorum
1273 1493 1384 1550 justa
1402 1509 1529 1552 mag-

135 1560 291 1604 nitudo
318 1562 402 1606 est:
434 1562 595 1605 etenim
631 1562 963 1620 unumquidque
995 1563 1150 1605 horum
1176 1577 1316 1620 neque
1342 1563 1368 1605 fi
1402 1564 1531 1607 nimis

134 1628 333 1688 pufillum
363 1631 428 1683 fit,
447 1645 590 1689 neque
610 1631 636 1673 fi
658 1631 959 1689 magnitudine
988 1631 1166 1673 modum
1196 1632 1380 1689 superet,
1403 1642 1528 1690 pote·
1576 1671 1579 1674 ,

135 1698 285 1742 statem
314 1706 390 1743 aut
417 1700 506 1743 vim
530 1701 647 1743 suam
677 1699 938 1743 incolumem
970 1700 1261 1743 conservabit:
1293 1699 1364 1743 sed
1394 1702 1528 1744 inter-

133 1766 240 1810 dum
261 1776 413 1811 natura
433 1769 505 1811 sua
522 1769 686 1827 prorsus
706 1770 904 1812 orbatum
929 1769 1026 1822 erit,
1047 1769 1148 1812 alias
1169 1769 1333 1812 nullam
1363 1769 1527 1813 utilita-

131 1842 223 1878 tem
244 1837 388 1882 afferet
406 1853 418 1880 ε
449 1837 634 1895 exempli
654 1837 791 1890 causa,
813 1837 1034 1895 navigium
1053 1837 1183 1895 palmi
1201 1837 1377 1895 quidem
1398 1839 1527 1882 unius

131 1904 450 1964 longitudinem
470 1910 556 1949 non
578 1907 791 1964 superans,
812 1915 888 1949 aut
909 1906 1042 1964 usque
1071 1906 1124 1949 ad
1153 1906 1338 1950 duorum
1370 1907 1525 1951 stadio-

131 1982 226 2020 rum
247 1967 567 2033 longitudinem
586 1974 846 2033 porrectum,
869 1989 955 2017 non
977 1975 1059 2017 erit
1078 1975 1257 2018 omnino
1276 1975 1523 2034 navigium:

128 2041 184 2086 ad
209 2043 423 2100 quandam
456 2057 554 2086 vero
585 2043 930 2102 magnitudinem
960 2043 1241 2101 progressum,
1261 2044 1392 2087 modo
1418 2059 1522 2102 pro-

126 2119 223 2170 pter
239 2111 510 2170 parvitatem,
531 2112 850 2170 navigationem
867 2111 1186 2155 incommodam
1208 2112 1374 2167 reddet,
1389 2114 1524 2158 modo

126 2189 300 2239 propter
331 2181 676 2239 magnitudinem
718 2181 1045 2224 immoderatam
1084 2189 1224 2239 atque,
1253 2182 1521 2227 immensam.

127 2247 336 2292 Similiter
364 2263 465 2292 vero
483 2257 527 2292 et
548 2250 769 2292 civitas-ea
787 2249 981 2307 quidem,
1003 2264 1100 2307 quae
1131 2264 1184 2293 ex
1215 2250 1345 2293 nimis
1374 2252 1522 2310 paucis

125 2315 349 2368 constabit,
370 2330 456 2358 non
476 2316 557 2358 erit
577 2316 660 2360 suis
681 2316 769 2373 ipsa
787 2316 913 2359 bonis
942 2315 1182 2374 opibusque
1211 2326 1416 2362 contenta
1433 2337 1444 2362 ε
1476 2328 1521 2363 at

125 2383 278 2428 civitas
296 2383 501 2441 quiddam
521 2385 578 2427 est
598 2384 681 2427 suis
704 2384 859 2442 opibus
878 2384 1062 2442 pollenS‚
1083 2385 1246 2442 suisque
1266 2386 1390 2430 bonis
1410 2403 1518 2432 con-

125 2460 295 2496 tentum
314 2469 326 2495 z
356 2468 455 2510 quae
481 2468 580 2496 vero
600 2468 653 2497 ex
672 2453 854 2496 nimium
877 2453 1041 2506 muitis,
1062 2454 1142 2495 erit
1162 2453 1238 2496 illa
1255 2454 1432 2512 quidem
1454 2471 1520 2500 re-

123 2521 209 2567 bus
226 2522 462 2565 neceffariis
483 2522 536 2565 fic
555 2523 770 2575 instructa,
791 2522 956 2580 suisque
984 2523 1108 2564 bonis
1138 2522 1200 2565 ita
1226 2532 1444 2579 contenta,
1467 2535 1518 2570 ut

121 2603 247 2648 gens,
265 2589 335 2633 sed
355 2605 440 2632 non
462 2599 512 2633 ut
531 2590 681 2634 civitas
702 2589 946 2648 reipublicae
966 2590 1082 2633 enim
1108 2590 1516 2638 administrationem

122 2656 168 2700 in
187 2671 239 2700 ea
258 2657 386 2701 inesse
405 2657 521 2701 haud
541 2657 666 2701 facile
686 2659 743 2700 est
761 2675 771 2701 :
803 2658 901 2716 quis
920 2657 1037 2700 enim
1056 2666 1132 2701 aut
1150 2658 1380 2717 imperator
1397 2661 1514 2705 mul·

121 2724 319 2769 titudinis
351 2741 558 2785 perquam
592 2727 810 2770 immensae
838 2726 1007 2770 futurus
1035 2727 1112 2781 est,·
1142 2738 1218 2771 aut
1248 2743 1406 2787 praeco,
1437 2730 1513 2775 nifi

124 2795 373 2840 Stentoreus
391 2799 406 2840 ?
440 2798 587 2841 Quare
618 2797 803 2855 primam
835 2796 1012 2854 quidem
1045 2811 1141 2840 eam
1177 2797 1396 2847 civitatem
1431 2799 1513 2843 efl'e

120 2864 285 2913 neeefl‘e
302 2866 378 2920 est,
395 2881 495 2926 quae
512 2881 567 2910 ex
586 2874 706 2915 tanta
728 2865 1009 2910 multitudine
1024 2867 1202 2921 constet,
1221 2881 1321 2927 quae
1341 2883 1440 2913 eum
1462 2869 1511 2917 fit

750 2948 780 2977 R
802 2949 823 2977 r
840 2948 872 2990 4
