1898 3308
428 189 512 233 432
863 182 1363 229 ARISTOTELIS

427 298 498 350 est,
530 299 578 341 fit
602 315 655 343 ne
677 299 871 359 aliquid'
860 319 904 347 m
931 305 993 348 eis
1022 306 1150 361 reete,
1177 323 1230 351 an
1254 308 1371 352 secus
1399 308 1452 351 ad
1481 309 1689 368 optimam
1706 307 1836 355 τά·

428 366 608 445 publicae
641 368 973 416 administrandae
1013 374 1348 432 descriptionem,
1381 375 1550 434 legibus
1591 376 1799 420 constitue
1867 419 1875 425 ι

429 441 555 477 tum.
587 435 782 490 alterum,
804 439 851 480 fit
881 454 934 482 ne
964 440 1138 498 aliquid,
1159 443 1343 500 spectato
1370 444 1612 501 reipublicae
1635 458 1794 502 prow-

430 501 504 544 fito
522 510 566 544 et
586 504 728 553 modo,
753 505 813 548 ita
835 508 1128 562 constitutum,
1160 519 1209 552 ut
1240 521 1448 568 repugnet
1479 512 1520 554 ei
1551 511 1796 569 respublicae

427 569 760 616 administrandae
781 573 944 627 formae,
966 591 1094 633 quam
1116 577 1190 620 fibi
1209 579 1530 635 proposuerunt.
1581 578 1645 621 Ei
1655 578 1798 637 igitur

428 637 603 692 civitati,
624 639 743 698 cujus
772 641 1074 687 administratio
1099 646 1214 688 resta
1233 646 1282 688 fit
1300 645 1456 699 futura,
1479 646 1796 690 necess'arimffnn

429 719 654 750 munerum
677 710 939 753 vacationem
960 711 1039 755 effe
1057 721 1265 770 oportere,
1285 714 1485 756 convenit
1499 714 1614 758 inoer
1623 725 1795 757 omnes·

428 773 498 816 sed
530 777 747 833 quomodo
783 778 862 821 effe
904 789 1111 836 oporteat,
1149 796 1234 823 non
1259 783 1331 824 est
1368 781 1795 841 facile'imelligere.

427 843 540 886 Nam
573 853 617 887 et
644 846 930 890 Thessalorum
953 848 1185 902 servitium,
1204 863 1333 908 quam
1364 850 1425 893 illi
1454 851 1688 908 penesteam
1715 864 1796 894 no·

427 910 604 964 minant,
625 912 732 969 saepe
765 913 808 956 in
837 915 1051 959 Theffalos
1079 916 1215 970 irruit,
1242 927 1371 975 atque
1399 918 1574 961 invasit:
1604 918 1796 976 itemque

427 979 572 1022 Elotes
601 979 646 1022 in
679 981 1042 1026 Lacedaemonios.
1100 986 1214 1028 Nam
1245 995 1449 1044 perpetuo
1478 986 1612 1030 veluti
1636 986 1797 1030 caribus

426 1060 572 1090 eorum
591 1047 765 1092 adverfis
793 1049 1030 1094 insidiantes
1058 1052 1298 1097 imminent.
1356 1053 1795 1098 Cretenfibus'auoem

425 1113 637 1171 nihildum
658 1116 743 1160 tale
761 1117 934 1161 accidit.
993 1119 1289 1164 Causaautem
1309 1121 1438 1179 hujus
1458 1121 1520 1164 rei
1537 1121 1703 1173 fomffe‘
1720 1122 1794 1174 est,

425 1182 543 1239 quod
575 1183 695 1226 nulla
725 1185 999 1230 finitimarum
1020 1187 1256 1243 civitatum,
1277 1190 1472 1247 quamvis
1499 1189 1618 1232 inter
1637 1189 1679 1232 se
1707 1189 1799 1233 bel·-

425 1250 515 1293 lum
534 1261 701 1309 gerant,
723 1254 908 1310 praebeat
926 1256 967 1297 se
986 1256 1088 1298 belli
1107 1257 1277 1310 sociam,
1298 1257 1555 1300 auxiliumve
1570 1256 1686 1300 'ferat
1710 1257 1796 1300 ser-

425 1318 489 1360 vis
509 1319 551 1361 in
572 1318 770 1363 dominos
793 1321 1138 1378 conspirantibus,
1160 1332 1204 1366 et
1222 1339 1247 1366 a
1269 1324 1440 1367 civitate
1469 1324 1794 1369 deficientibus:

424 1386 522 1429 ideo
552 1388 667 1445 quod
695 1404 781 1432 non
813 1389 886 1432 fibi
920 1391 1115 1448 expediat
1142 1392 1227 1435 illis
1255 1393 1460 1435 auxilium
1486 1392 1610 1452 ferre,
1629 1402 1679 1436 ut
1698 1408 1796 1452 quae

424 1454 551 1499 etiam
574 1455 670 1512 ipsae
688 1456 858 1514 populis
877 1471 902 1499 a
919 1458 960 1501 se
979 1458 1125 1501 alienis
1144 1459 1295 1503 cinaae
1316 1460 1408 1503 fint.
1458 1460 1796 1504 Lacedaemoniis

423 1531 565 1565 autem
588 1524 757 1567 finitimi
774 1534 893 1568 erant
908 1525 1079 1570 inimici
1088 1536 1216 1584 atque
1229 1527 1380 1581 infesti,
1399 1528 1579 1586 Argivi,
1583 1529 1795 1582 Messenii,

423 1589 627 1632 Arcades.
684 1591 800 1633 Nam
838 1600 882 1634 et
918 1606 943 1635 a
975 1592 1188 1635 Thessalis
1212 1593 1336 1636 initio
1372 1593 1478 1637 servi
1511 1594 1794 1650 desciverunt,

422 1665 648 1715 propterea
675 1657 790 1716 quod
820 1658 981 1702 bellum
1010 1659 1137 1703 etiam
1168 1667 1263 1703 tum
1293 1674 1394 1703 cum
1420 1660 1575 1704 accolis
1597 1661 1793 1714 Achivis,

343 1718 413 1770 64
427 1725 673 1779 Perrhaebis,
721 1727 1003 1785 Magnetibus
1045 1728 1267 1785 gerebant.
1322 1728 1518 1772 Videtur
1543 1733 1692 1772 autem
1715 1729 1797 1772 etfi

423 1793 532 1836 nihil
551 1794 683 1848 aliud,
705 1804 750 1838 at
767 1804 883 1838 certe
899 1794 1124 1853 diligentia
1150 1805 1196 1839 et
1218 1811 1322 1840 cura
1349 1796 1495 1855 magni
1514 1796 1679 1856 negotii
1696 1797 1794 1850 effe,

422 1863 638 1919 quomodo
657 1863 698 1906 se
717 1863 908 1907 adversus
933 1878 1006 1907 eos
1031 1879 1180 1921 gerere
1197 1874 1406 1922 oporteat.
1463 1865 1578 1908 Nam
1597 1865 1625 1907 fi
1639 1873 1797 1924 *agatur

422 1943 523 1971 cum
553 1928 615 1972 eis
643 1929 858 1972 liberalius
887 1944 936 1972 ac
967 1929 1223 1984 dissolutius,
1243 1930 1463 1975 libidinose
1489 1947 1539 1976 ac
1558 1932 1795 1990 petulanter

422 1997 583 2050 vivunt,
603 2005 647 2040 et
666 2011 766 2041 eum
786 1997 971 2040 dominis
991 1998 1046 2042 de
1065 1997 1277 2056 dignitate
1303 1999 1568 2044 contendunt
1580 2017 1593 2043 ε
1624 1993 1792 2043 fintra-

421 2065 589 2108 &entur
607 2065 805 2123 asperius,
829 2066 1054 2123 vivantque
1081 2066 1286 2111 laboriose
1318 2076 1365 2110 et
1393 2068 1556 2122 misere,
1577 2068 1622 2111 in
1649 2068 1792 2111 domi-2

418 2148 496 2176 nos
517 2133 744 2190 perniciem
765 2134 1012 2187 moliuntur,
1032 2135 1185 2193 eosque
1214 2136 1410 2180 oderunt.
1469 2138 1534 2180 Ex
1563 2137 1633 2180 his
1651 2136 1794 2195 igitur

378 2215 380 2217 ’
404 2201 659 2260 vintelligere
678 2201 796 2255 licet,
816 2217 890 2245 eos
907 2202 982 2259 qui
1000 2202 1157 2245 inhaec
1177 2203 1287 2246 mala
1305 2203 1502 2248 incidunt
1520 2210 1690 2262 propter
1705 2204 1791 2248 ser-

419 2268 583 2321 vitium,
612 2283 742 2327 quam
772 2269 959 2312 Elotiam
987 2269 1217 2327 appellant,
1249 2285 1335 2313 non
1364 2271 1554 2329 reperiffe
1570 2271 1792 2329 *optimam

419 2336 665 2393 reipublicae
708 2332 1044 2379 'administrandae
1085 2337 1282 2382 formam.
1342 2340 1547 2382 Praeterea
1584 2353 1685 2382 vero
1720 2354 1789 2382 re-

418 2405 550 2447 miffio
578 2415 623 2447 et
651 2404 920 2463 indulgentia
950 2405 994 2447 in
1026 2405 1241 2458 mulieres,
1263 2415 1307 2449 et
1335 2407 1388 2450 ad
1417 2406 1652 2461 consilium,
1672 2407 1790 2464 quod

417 2481 621 2530 ceperunt
639 2472 693 2515 de
712 2472 783 2515 sua
802 2473 1018 2530 republica
1035 2472 1371 2527 administranda,
1400 2484 1444 2517 et
1474 2475 1527 2517 ad
1557 2475 1787 2518 beatitudi-

418 2555 515 2582 nem
549 2540 747 2594 civitatis,
778 2540 942 2593 inutilis
973 2555 1023 2583 ac
1056 2540 1255 2587 damnosa
1280 2543 1351 2584 est.
1412 2542 1789 2586 Quemadmodum

416 2608 531 2651 enim
551 2609 706 2651 domus
725 2617 862 2666 partes
882 2609 977 2651 sunt
997 2609 1058 2651 vir
1076 2619 1122 2653 et
1139 2610 1296 2652 mulier
1313 2627 1323 2652 ε
1355 2610 1414 2653 ita
1432 2611 1591 2654 scilicet
1615 2620 1660 2654 et
1684 2611 1788 2654 civi-

416 2684 546 2719 tatem
567 2677 802 2720 existimare
819 2686 986 2734 oportet
1005 2677 1048 2719 in
1069 2677 1175 2720 duas
1193 2686 1332 2735 partes
1358 2679 1542 2736 aequales
1570 2679 1651 2721 effe
1677 2679 1790 2721 divi-

413 2743 515 2797 sam,
534 2744 579 2786 in
601 2744 785 2788 virorum
806 2753 851 2788 et
868 2745 1097 2788 mulierum
1125 2745 1460 2789 multitudinem.
1519 2746 1791 2804 Quare'qui-
1867 2795 1869 2798 f

414 2812 659 2870 buscunque
676 2812 721 2855 in
741 2813 983 2870 reipublicae
1010 2812 1518 2883 administrandae'lformis
1537 2815 1582 2858 id
1601 2816 1724 2878 quod·
1735 2816 1790 2859 ad
