1898 3308
4 772 15 803 ,3
42 784 45 787 ’

3 803 41 842 ,ᾤι

10 858 11 862 =
36 846 42 866 Ε

23 901 26 912 Ι

6 972 38 1001 .’Ῐ»’

0 1035 3 1038 .
31 1022 39 1030 ’

0 1055 30 1118 ἷζ-

401 165 499 237 DE
541 192 966 238 REPUBLICA
1011 194 1115 240 vn.
1151 207 1221 241 12.
1427 185 1508 252 631

178 363 181 371 ,
220 367 221 370 Ἰ
256 309 408 364 fenim
434 314 566 360 etiam
591 317 677 360 hoc
702 316 886 361 civitatis
905 316 1037 361 decus
1057 325 1187 376 atque
1207 316 1511 361 ornamentum

27 371 67 396 ”
116 422 118 427 ,
148 375 417 442 ssimum
434 382 516 427 effe
535 383 715 428 divisum
746 399 796 428 ac
826 383 1100 427 distinctum:
1132 391 1176 427 et
1207 385 1318 428 inter
1345 383 1510 428 adoles-

17 446 34 476 Γ·
49 444 65 495 ἶ
121 447 269 503 ᾤκεε
287 450 462 510 quidem
492 453 760 512 magistratus
785 453 969 512 aliquos,
991 452 1104 495 inter
1121 453 1389 510 magistratus
1410 468 1512 497 vero

48 553 51 559 .
120 517 249 563 senet
271 519 450 564 versari:
478 520 803 580 ,magistratuum
836 520 952 564 enim
983 519 1204 579 praesentia
1233 529 1331 563 ante
1361 521 1513 565 oculos

35 586 50 611 ¹‘
120 585 254 645 βοᾶτε,
283 603 430 633 verum
461 589 670 648 pudorem
699 598 745 634 et
772 589 992 633 liberalem
1014 596 1178 632 metum
1202 589 1244 631 in
1267 589 1421 631 animis
1442 590 1510 632 in-

45 670 60 722 3'
117 664 315 713 generat.
374 658 531 702 Forum
567 667 714 702 autem
749 673 891 702 rerum
928 657 1142 702 venalium
1177 657 1296 700 aliud
1335 657 1390 700 ab
1426 657 1511 700 hoc

55 728 57 731 “
116 721 200 767 effe
216 733 402 783 oportet,
421 736 466 770 et
484 727 667 771 seorsum
696 727 877 785 politum
900 726 943 770 in
964 725 1076 780 loc'o,
1097 734 1142 769 et
1161 725 1214 769 ad
1235 741 1305 769 eas
1326 740 1392 785 res
1412 741 1511 784 quae

59 799 62 802 ’
117 806 146 836 e
172 794 280 837 mari
309 794 595 850 advehuntur,
616 804 661 840 et
689 795 743 839 ad
773 810 843 840 eas
873 811 971 854 quae
1001 811 1054 839 ex
1083 810 1188 854 agro
1208 794 1510 853 importantur,

24 875 42 894 ·³
116 875 203 907 una
226 862 516 921 excipiendas,
538 872 794 923 opportuno.
852 865 950 908 Jam
977 879 1077 907 vero
1097 863 1302 922 quoniam
1325 863 1512 907 civitatis

116 927 353 975 multitudo
389 930 594 976 dividitur
627 932 670 974 in
705 933 940 976 sacerdotes
971 941 1017 975 et
1050 932 1334 990 magistratus,
1369 931 1512 985 decet,
1539 928 1543 931 ’

117 996 316 1054 triclinia,
357 999 402 1042 in
435 1001 594 1058 quibus
630 1001 867 1045 sacerdotes
902 1001 1096 1044 convivia
1126 1000 1276 1044 inituri
1312 1000 1425 1055 sunt,
1458 1001 1513 1045 ad

118 1065 233 1110 edes
263 1068 398 1112 sacras
429 1069 510 1113 effe
538 1069 762 1113 collocata.
823 1069 1152 1127 Magistratuum
1187 1083 1299 1122 vero,
1322 1069 1512 1127 quicun-

116 1151 204 1194 que
223 1151 366 1180 rerum
386 1139 697 1198 contractarum
714 1137 910 1197 judiciis,
930 1148 974 1180 et
1002 1137 1220 1181 aetionum
1255 1138 1510 1182 intentioni-

115 1206 215 1263 bus,
249 1214 294 1249 et
322 1206 367 1248 in
389 1205 463 1265 jus
494 1207 805 1260 vocationibus,
829 1216 873 1249 et
903 1206 1060 1249 talibus
1087 1206 1511 1252 aliis-curationibus

114 1275 328 1335 presunt:
361 1285 405 1320 et
422 1285 626 1335 praeterea
646 1276 834 1319 aedilium
857 1275 1091 1328 minorum,
1113 1276 1184 1318 seu
1201 1290 1385 1318 annonae
1402 1291 1512 1333 prae-

115 1345 344 1399 fefiorum,
379 1354 426 1388 et
455 1344 648 1388 aedilium
681 1344 908 1403 majorum,
938 1344 1011 1403 qui
1044 1358 1110 1387 res
1141 1345 1324 1387 urbanas
1352 1359 1509 1402 procu·

112 1421 234 1471 rant:
265 1413 418 1456 horum
441 1412 636 1456 omnium
656 1412 848 1456 sodalitia
867 1413 939 1456 seu
958 1412 1100 1471 potius
1122 1413 1320 1466 triclinia,
1345 1414 1386 1456 in
1409 1415 1507 1474 qui-

111 1483 194 1534 bus
213 1482 403 1526 convivia
430 1482 611 1541 agitent,
631 1482 686 1526 ad
707 1482 848 1526 forum
870 1492 913 1526 et
933 1492 1191 1527 conventu-m
1213 1484 1400 1542 aliquem
1423 1499 1504 1543 pu·
1521 1487 1624 1532 285

111 1550 278 1595 blicum
311 1550 522 1594 aedificata
554 1550 635 1594 effe
666 1561 860 1609 oportet:
893 1551 989 1593 talis
1026 1561 1170 1594 autem
1204 1553 1260 1595 est
1291 1553 1429 1608 locus,
1463 1554 1508 1598 in

113 1633 202 1678 quo
218 1633 360 1674 rerum
382 1617 701 1662 neceffariarum
722 1628 936 1663 mercatus
968 1620 1182 1664 institutus
1202 1622 1258 1664 est
1278 1638 1288 1664 ε
1321 1638 1421 1666 nam
1441 1623 1509 1666 fo-

114 1701 211 1731 rum
231 1686 339 1731 illud
361 1687 553 1746 superius
581 1703 764 1732 vacuum
784 1688 864 1731 effe
890 1689 1106 1746 ponimus,
1135 1689 1221 1734 hoc
1253 1706 1352 1734 vero
1382 1693 1510 1738 rebus

113 1755 349 1800 neeeffariis
367 1755 639 1799 destinamus.
700 1758 765 1800 Ea
788 1767 935 1800 autem
963 1773 1061 1816 quae
1083 1766 1202 1802 extra
1220 1760 1371 1804 urbem
1393 1760 1508 1817 sunt,

113 1823 459 1868 constitutionem
481 1834 526 1867 et
543 1824 868 1882 descriptionem
898 1840 925 1868 a
951 1826 1078 1869 nobis
1097 1827 1327 1885 expositam
1347 1828 1509 1873 imitari

113 1891 290 1936 debent.
351 1891 449 1936 Illic
473 1892 591 1935 enim
621 1893 951 1950 magistratibus,
973 1909 1082 1951 quos
1102 1895 1175 1937 alii
1197 1895 1407 1954 sylvarum
1428 1913 1509 1940 cu-

112 1960 264 2015 stodes,
290 1959 363 2004 alii
394 1960 488 2019 agri
518 1960 741 2018 praefe&os
770 1961 1002 2020 appellant,
1023 1972 1068 2005 et
1086 1962 1182 2006 loca
1203 1964 1276 2006 ubi
1299 1965 1509 2010 custodias

109 2038 259 2089 agant,
278 2038 324 2073 et
341 2024 635 2084 triclinia,'u‘bi
663 2045 751 2073 una
779 2030 1022 2088 epulentur,
1045 2040 1089 2075 et
1109 2033 1302 2076 convivia
1322 2035 1507 2092 agitent,

107 2106 354 2157 comparata
381 2097 459 2141 {int
488 2098 649 2141 necefl'e
668 2099 752 2141 estz
785 2108 829 2142 et
849 2108 1053 2157 praeterea
1078 2101 1240 2159 templa
1259 2117 1334 2160 per
1351 2118 1505 2162 agrum

107 2166 343 2222 distributa,
375 2166 459 2210 alia
487 2166 587 2220 diis,
609 2167 693 2210 alia
723 2167 927 2211 heroibus
954 2168 1165 2213 dedicata.
1225 2172 1386 2216 Verum
1406 2173 1505 2216 lon-

7 2235 25 2262 ’-
56 2273 62 2277 .
105 2250 188 2296 gos
206 2236 287 2280 effe
308 2250 424 2280 nunc
453 2235 499 2278 in
531 2236 683 2279 harum
716 2251 860 2280 rerum
890 2237 1175 2295 explicatione
1202 2239 1440 2296 subtiliore,
1462 2251 1507 2287 et

105 2303 389 2363 disputatione
423 2313 622 2348 accurata
655 2314 784 2362 atque
819 2314 987 2364 arguta,
1023 2307 1383 2364 supervacaneum
1418 2311 1502 2356 est:
1564 2299 1574 2315 ⁹

106 2372 210 2417 talia
229 2373 347 2417 enim
369 2373 614 2432 intelligere
646 2373 820 2417 difficile
851 2389 936 2419 non
969 2375 1043 2428 est,
1065 2375 1134 2418 sed
1159 2374 1298 2420 facere
1327 2377 1501 2435 potius=

107 2457 207 2495 nam
227 2442 282 2487 de
302 2442 371 2486 his
401 2442 533 2486 verba
561 2442 715 2496 facere,
736 2443 924 2501 optantis
945 2445 1030 2487 est:
1063 2460 1113 2488 ea
1143 2454 1288 2489 autem
1318 2447 1502 2502 evenire,

106 2510 306 2558 fortunae.
366 2512 512 2558 Quare
543 2511 599 2556 de
634 2511 792 2556 talibus
830 2527 946 2556 nunc
983 2513 1107 2572 plura
1147 2513 1289 2559 dicere
1326 2516 1502 2560 omitta-

113 2586 226 2633 mua.

743 2936 855 2977 ss4
