1898 3308
430 186 515 267 596
868 199 1366 253 Ams‘roTEms

309 322 416 374 246
429 333 490 375 ita
507 340 553 376 et
570 347 633 376 eae
653 331 897 392 reipublicae
917 331 1251 375 administrandae
1269 330 1433 382 formae,
1449 341 1546 386 quae
1563 320 1802 375 deterrima

426 400 537 453 sunt,
573 401 799 459 plurimam
847 401 1090 444 cautionem
1128 399 1365 457 requirunt.
1423 397 1630 442 Universe
1664 395 1803 458 igitur

425 468 705 512 democratias
733 468 957 511 hominum
990 469 1160 510 ubertas
1188 475 1233 509 et
1259 466 1382 524 copia
1406 474 1550 524 tuetur
1567 473 1613 508 et
1630 463 1801 508 constr·-

426 545 521 578 vat:
553 535 637 578 hoc
664 536 777 579 enim
807 536 846 578 ei
868 534 974 593 juri,
994 534 1110 591 quod
1140 549 1193 576 ex
1223 533 1434 590 dignitate
1452 534 1525 592 οζί,
1545 531 1799 590 opponitur:

427 603 675 662 oligarchiae
694 619 791 646 vero
810 611 957 645 contra
977 601 1240 658 perspicuum
1267 601 1323 642 est
1351 600 1396 642 in
1422 599 1525 643 reRi
1544 599 1705 644 ordinis
1722 598 1800 642 de-

427 670 654 730 scriptione
673 673 870 728 bonaque
890 668 1154 729 ordinatione
1172 667 1348 710 salutem
1367 667 1449 710 effe
1467 667 1658 725 politam.

989 819 1254 840 --..-*——-4-

212 926 305 966 VII-
545 969 549 974 .
967 932 1005 975 C
1021 933 1062 975 A
1079 934 1125 976 P.
1168 932 1269 975 V11.

681 1049 756 1091 Ad
770 1047 1045 1104 irfiituendam
1064 1045 1322 1104 eligam-biam
1334 1051 1547 1104 praecepta.

485 1149 781 1193 QUONIAM
801 1158 943 1191 autem
964 1157 1146 1206 quatuor
1170 1147 1265 1189 sunt
1283 1146 1326 1188 in
1346 1144 1492 1204 primis
1511 1141 1801 1187 multitudinis

428 1227 597 1275 partes3
631 1218 929 1274 agricolarum,
951 1231 1097 1258 eorum
1131 1215 1206 1272 qui
1233 1223 1344 1256 artes
1369 1212 1555 1264 sordidas
1583 1221 1629 1253 et
1656 1211 1797 1255 illibe-

428 1285 536 1327 rales
568 1285 764 1335 tra6tant,
784 1298 930 1325 eorum
953 1283 1025 1340 qui
1046 1290 1324 1323 mercaturam
1349 1288 1395 1322 et
1422 1277 1716 1335 cauponariam
1734 1277 1798 1320 fa-

427 1353 562 1406 ciunt,
582 1351 970 1394 mercenariorum:
1002 1359 1181 1407 quatuor
1210 1357 1351 1391 autem
1382 1347 1438 1389 ad
1465 1346 1629 1389 bellum
1653 1345 1799 1398 utiles,

426 1421 638 1477 equitum,
670 1419 861 1476 peditum
891 1417 1095 1475 gravioris
1125 1424 1363 1466 armaturae,
1388 1413 1580 1471 peditum
1608 1412 1797 1465 levioris,

426 1488 496 1530 seu
529 1487 866 1536 ferentariorum,
903 1485 1087 1526 militum
1122 1484 1378 1526 clafficorum
1416 1491 1460 1525 et
1494 1481 1794 1525 nauticorum:

424 1571 513 1613 quo
550 1556 591 1597 in
629 1555 725 1596 loco
758 1553 941 1610 contigit
972 1562 1022 1595 ut
1056 1552 1242 1609 regionis
1270 1551 1405 1593 solum
1437 1550 1490 1593 ad
1518 1549 1796 1606 equitandum

422 1633 572 1682 aptum
592 1623 653 1675 fit,
676 1623 748 1665 hic
766 1631 911 1665 natura
930 1620 1011 1663 fert
1031 1628 1078 1663 ut
1096 1621 1214 1678 poffit
1242 1619 1438 1662 constitui
1466 1617 1697 1675 oligarehia
1721 1630 1795 1660 va-

421 1692 510 1734 lida
530 1707 579 1734 ac
600 1692 778 1733 robusta.
840 1691 956 1732 Nam
985 1703 1081 1731 cum
1112 1688 1219 1730 salus
1238 1688 1289 1730 iis
1308 1687 1381 1745 qui
1407 1687 1558 1730 urbem
1584 1679 1796 1737 incolunt,

422 1774 474 1801 ex
509 1759 575 1801 his
607 1759 739 1815 copiis
769 1765 1062 1814 comparatur:
1096 1764 1189 1798 tum
1219 1770 1425 1812 equorum
1451 1753 1697 1798 alendorum
1730 1753 1794 1796 fa-

411 1827 575 1879 cultas,
595 1841 744 1886 eorum
775 1825 942 1882 propria
968 1826 1025 1866 est
1057 1824 1132 1881 qui
1161 1824 1319 1880 amplas
1348 1822 1515 1865 divitias
1544 1822 1796 1880 magnasque

421 1894 685 1951 poffeffiones'
712 1893 884 1935 habent.
947 1892 1035 1934 Ubi
1057 1905 1153 1932 vero
1172 1891 1291 1948 regio
1319 1890 1373 1932 ad
1400 1890 1563 1947 pedites
1592 1890 1795 1947 gravioris

421 1970 643 2004 armaturae
669 1959 988 2004 accommodata
1014 1960 1086 2010 est,
1108 1959 1297 2015 proxima
1313 1959 1354 2000 in
1374 1972 1427 2000 eo
1447 1958 1542 2000 loco
1562 1958 1797 2016 oligarchia

421 2030 616 2071 constitui
636 2029 779 2070 debet.
838 2028 952 2070 Nam
973 2027 1185 2083 peditatus
1203 2025 1407 2083 gravioris
1427 2034 1649 2068 armaturae
1671 2025 1793 2080 locu-

420 2098 587 2154 pletum
609 2098 664 2139 est
686 2096 822 2153 magis
840 2110 968 2152 quam
990 2095 1228 2151 egentium.
1280 2093 1443 2136 Pedites
1462 2101 1607 2146 autem
1627 2085 1794 2136 levioris

418 2175 641 2208 armaturae
673 2173 717 2207 et
746 2163 905 2206 nautici
935 2163 1110 2215 milites,
1139 2162 1316 2205 omnino
1345 2162 1616 2205 democratiae
1634 2169 1793 2206 conve-

419 2234 559 2276 niunt.
606 2234 735 2275 Nunc
756 2231 887 2288 igitur
907 2231 1061 2287 quibus
1081 2231 1124 2272 in
1145 2230 1250 2272 locis
1271 2230 1368 2272 talis
1388 2230 1620 2272 multitudo
1639 2246 1795 2289 magna

411 2303 491 2355 est,
513 2316 612 2343 cum
642 2300 858 2356 separatim
886 2309 931 2341 et
959 2298 1139 2341 seorsum
1167 2299 1220 2340 ab
1249 2298 1342 2340 aliis
1373 2306 1581 2356 pugnant,
1609 2288 1794 2342 deterius

410 2379 625 2429 pugnant.
682 2370 848 2411 Verum
868 2367 970 2409 huic
988 2367 1262 2409 incommodo
1286 2367 1520 2409 remedium
1540 2367 1595 2409 ab
1613 2366 1792 2424 impera-

411 2438 579 2479 toribus
600 2436 658 2477 rei
678 2435 871 2477 militaris
902 2433 1047 2490 p'eritis
1075 2433 1327 2475 sumendum
1355 2434 1428 2494 est,
1449 2433 1523 2490 qui
1549 2447 1649 2476 cum
1668 2428 1790 2490 equi-

417 2515 508 2547 tatu
530 2514 572 2546 et
592 2503 795 2561 gravioris
825 2510 1048 2543 armaturae
1072 2501 1286 2558 peditibus
1305 2509 1453 2558 aptum
1472 2510 1515 2543 et
1535 2495 1788 2544 convenien-

413 2583 503 2616 tem
543 2573 736 2630 peditum
776 2570 942 2613 levioris
983 2578 1203 2612 armaturae
1244 2584 1469 2612 numerum
1505 2568 1790 2627 conjungunt.

414 2642 560 2697 Atque
590 2640 670 2680 hae
699 2639 861 2680 ratione
881 2638 923 2678 in
946 2637 1219 2679 seditionibus
1251 2637 1468 2694 populares
1488 2646 1532 2679 et
1551 2637 1704 2694 plebeii
1725 2638 1790 2679 lo-

413 2708 658 2764 cupletibus
677 2706 903 2761 (superiores
925 2704 1160 2746 discedunt.
1218 2706 1330 2746 Nam
1353 2705 1453 2760 quia
1474 2705 1566 2746 sunt
1587 2706 1788 2761 expediti,

413 2789 511 2817 cum
534 2775 731 2832 equitatu
760 2782 804 2814 et
836 2772 1027 2830 peditatu
1058 2771 1261 2829 gravioris
1287 2781 1508 2814 armaturae
1535 2771 1655 2814 facile
1676 2788 1789 2830 pug-

296 2853 400 2906 247
414 2851 533 2886 naut.
592 2844 684 2884 Has
716 2841 847 2899 igitur
878 2840 1021 2898 copias
1050 2854 1103 2882 ex
1129 2840 1195 2883 his
1222 2854 1477 2898 comparare,
1502 2841 1544 2883 in
1564 2841 1712 2898 seipsos
1732 2843 1789 2884 est
