1898 3308
368 97 462 148 m:
504 94 936 157 REPUBLICA
982 102 1067 146 111.
1099 115 1144 161 9.
1370 114 1458 168 479

78 215 215 310 titur,
218 232 387 296 propter
405 226 648 289 hujusmodi
667 226 848 275 causam.
907 226 994 268 Hae
1021 225 1136 274 enim
1158 223 1344 273 maxime
1363 241 1466 271 om·

80 290 215 418 ιιίιιιιι
222 289 523 373 aqualitatem
553 293 747 354 persequi
779 293 993 338 videntur.
1051 294 1202 352 Itaque
1234 294 1309 352 qui
1342 294 1462 340 vide-

79 343 212 442 baffi?
210 377 233 431 ι·
242 361 439 442 potentia
467 364 676 418 excellere
705 371 877 423 propter
906 361 1091 415 divitias,
1120 371 1197 405 aut
1225 363 1464 407 amicorum.

135 477 302 570 unali
316 514 392 558 per
410 488 525 550 testae
547 499 716 559 jaEtum
746 515 771 549 e
800 498 937 559 patria
963 498 1199 558 pellebant,
1220 507 1265 542 et
1284 499 1336 542 ad
1356 500 1461 544 defi
1474 487 1480 492 ¹

75 544 225 636 ιιῖίιιιιι
231 564 415 646 tempus
443 583 469 612 e
498 567 672 613 civitate
703 567 1043 623 summovebant.
1104 567 1367 611 Fabulantur
1384 583 1462 613 au-

77 625 172 700 ῐθιιι
197 630 328 688 etiam
362 637 634 702 Argonautas
665 636 901 690 Herculem
933 644 1104 714 propter
1134 635 1265 679 talem
1296 637 1464 682 causam

78 684 320 774 reliquisse
352 705 528 754 noluifl‘e
558 706 671 754 enim
702 707 825 765 Argo
859 705 1001 748 navim
1031 720 1131 748 eum
1151 719 1252 749 cum
1272 705 1367 751 aliis
1387 721 1462 750 ve-

77 771 198 829 here,
230 781 281 818 ut
312 772 447 852 longo
480 774 704 822 intervallo
738 785 917 818 caeteros
957 772 1147 817 veEtores
1180 773 1463 832 superantem.

75 832 294 899 Quocirea
319 850 365 885 et
391 857 424 885 ιι
453 841 529 902 qui
557 841 851 902 tyrannidem
860 841 1181 901 confiliumque,
1205 842 1322 900 quod
1343 842 1466 887 dedit

77 903 305 965 Periander
337 908 622 970 Thrasybulo,
658 910 913 970 vituperant,
950 926 1035 954 non
1068 910 1168 957 sunt
1202 911 1587 968 existimandill5·

31 1035 34 1038 Δ
76 967 321 1046 simpliciter
354 977 399 1021 id
434 980 549 1023 reete
582 979 908 1038 reprehendere.
966 979 1107 1022 Aiunt
1139 978 1256 1023 enim
1293 980 1464 1024 Perian-

77 1040 204 1089 dru'm
226 1043 334 1093 nihil
353 1045 476 1090 illum
506 1047 682 1106 quidem
713 1047 753 1092 ei
782 1047 952 1100 nuntio,
974 1046 1051 1109 qui
1070 1046 1214 1090 missus
1233 1045 1390 1102 fuerat,
1411 1048 1466 1092 de

19 1121 26 1126 ‘
77 1127 131 1158 eo
159 1113 277 1173 quod
309 1107 615 1168 consuleretur,
650 1115 930 1174 respondisse:
962 1115 1034 1159 sed
1064 1114 1198 1174 spicas
1226 1115 1467 1160 eminentes

77 1181 307 1239 demendo,
326 1183 518 1253 segetem
544 1183 806 1242 adaequaffe.
839 1199 891 1227 ex
919 1199 1007 1242 quo
1035 1198 1137 1227 cum
1159 1183 1251 1243 ejus
1270 1184 1465 1243 quidem,

75 1251 196 1310 quod
229 1253 286 1302 ab
315 1253 392 1296 illo
420 1251 555 1308 fieret,
585 1253 752 1299 causam
784 1252 964 1305 nuntius
992 1252 1222 1318 ignoraret,
1243 1253 1291 1296 id
1319 1262 1467 1304 autem

39 1363 43 1366 .
75 1321 194 1379 quod
232 1319 461 1376 aeeidiffet,
498 1322 805 1366 renunciasset:
843 1319 1094 1371 intellexisse
1124 1321 1466 1381 Thrasybulum,

14 1387 19 1438 f
74 1387 210 1447 uros
225 1391 424 1455 egregios
463 1399 509 1434 et
546 1391 787 1455 praestantes
814 1390 878 1434 de
915 1390 1061 1434 medio
1108 1390 1189 1434 effe
1230 1390 1465 1444 tollendos.

12 1490 16 1498 f
75 1458 176 1510 Hoc
195 1459 310 1508 enim
331 1475 416 1514 non
439 1459 577 1508 solum
606 1460 798 1519 tyrannis
816 1459 1005 1519 expedit,
1028 1475 1170 1519 neque
1188 1460 1274 1503 hoc
1293 1461 1467 1519 tyranni

17 1571 19 1573 ,
74 1530 243 1585 tantum
266 1527 444 1583 faciunt,
466 1527 539 1572 sed
567 1527 711 1572 similis
739 1528 870 1572 etiam
905 1528 950 1571 in
980 1527 1228 1587 oligarchiis
1247 1536 1292 1572 et
1310 1528 1464 1574 demo·

13 1611 21 1659 ζ
74 1597 222 1656 cra-tiis
239 1596 346 1648 ratio
366 1597 512 1642 locum
533 1596 681 1655 habet.
741 1597 855 1640 Nam
873 1597 1035 1640 civium
1054 1612 1129 1656 per
1149 1597 1295 1641 testam
1315 1613 1339 1641 e
1360 1598 1465 1642 civi-

74 1675 166 1711 tate
201 1663 498 1726 pellendorum
542 1665 650 1710 ratio
691 1665 994 1724 (ostracismum
1042 1665 1260 1725 appellant
1299 1667 1463 1725 Graeci)

19 1757 23 1770 τ
74 1730 195 1785 idem
235 1730 347 1780 valet
382 1734 722 1795 quodammodo,
762 1744 891 1794 atque
931 1734 1119 1779 incidere
1153 1750 1204 1779 ac
1243 1736 1467 1787 decurtare

74 1819 240 1867 pennas
267 1804 371 1848 viris
402 1804 711 1865 praestantibus,
744 1804 901 1863 eosque
935 1803 1072 1848 solum
1106 1813 1270 1848 vertere
1290 1805 1466 1884 jubere:

0 1893 7 1900 ·
77 1870 201 1931 Idem
229 1882 374 1922 autem
408 1873 573 1923 faciunt
602 1872 732 1916 etiam
768 1872 812 1915 in
847 1871 1091 1916 civitatibus
1124 1881 1168 1916 et
1198 1873 1446 1932 gentibus'
1434 1874 1467 1926 ιι

74 1957 206 2004 penes
235 1957 348 2002 quos
379 1941 544 1996 summa
577 1942 635 1985 est
652 1941 876 2001 'potestas-
907 1941 1096 2000 exempli
1130 1943 1283 2002 gratia,
1320 1944 1465 1988 Athe-

75 2007 273 2070 nienses
256 2025 306 2066 ιιι,
325 2009 482 2066 Samiis
500 2019 547 2054 et
568 2009 691 2054 Chiis
722 2018 767 2053 et
794 2009 974 2054 Lesbiis.
1032 2011 1151 2054 Nam
1180 2011 1257 2056 ubi
1277 2012 1466 2070 primum

74 2079 246 2139 imperii,
271 2088 498 2140 compotes
524 2078 714 2134 fuerunt,
741 2088 895 2138 praeter
924 2079 1247 2135 conventiones,
1275 2097 1349 2125 eos
1378 2082 1465 2127 hu-

23 2170 28 2173 f
74 2143 200 2198 miles
233 2148 510 2197 reddiderunt
544 2163 595 2202 ac
630 2148 932 2206 depresserunt.
992 2149 1091 2192 Jam
1125 2164 1200 2193 rex
1230 2151 1464 2204 Persarum,

9 2255 13 2258 .
74 2211 285 2273 Medis'et
303 2216 571 2278 Babyloniis,
591 2226 638 2262 et
658 2215 877 2260 nonnullis
891 2216 1001 2270 aliis,
1018 2217 1071 2261 iis
1088 2218 1162 2276 qui
1181 2218 1362 2276 majores
1380 2219 1464 2278 spi-

74 2285 187 2337 ritus,
202 2286 428 2352 gerebant,
449 2301 502 2332 eo
521 2286 638 2346 quod
671 2285 903 2350 aliquando
923 2285 1153 2345 imperium
1174 2287 1466 2343 obtinuiffent,

74 2355 366 2422 sepenumero
400 2356 510 2408 vires
543 2354 766 2398 imminuit
800 2363 928 2412 atque
960 2355 1216 2413 amputavit.
1276 2357 1468 2402 Quaestio

19 2470 25 2473 ,
75 2432 223 2475 autem
244 2418 414 2479 anobis
433 2425 564 2483 posita
583 2423 773 2467 universe
804 2423 860 2466 ad
888 2438 1037 2467 omnes
1059 2424 1304 2482 reipublicae
1325 2425 1465 2469 adm'i-

74 2491 298 2548 nistrandae
328 2493 502 2546 formae,
531 2491 664 2538 etiam
696 2491 847 2546 ιοᾶιιιε,
868 2492 1070 2551 pertinet.
1127 2494 1244 2537 Nam
1276 2509 1338 2538 eae
1370 2485 1467 2547 sane
1508 2520 1518 2526 -

74 2576 172 2619 quae
203 2562 230 2604 a
258 2561 385 2605 reffls
413 2561 677 2605 deflexerunt
706 2573 756 2603 ac
784 2558 1046 2613 deerrarunt,
1068 2562 1301 2606 utilitatem
1322 2563 1467 2622 priva.

75 2637 166 2672 tam
184 2630 420 2689 spe&antes
439 2629 524 2672 hoc
545 2636 707 2687 agunt:
739 2637 1035 2671 verumtamen
1070 2629 1115 2672 in
1144 2630 1196 2673 iis
1225 2646 1323 2689 quae
1346 2633 1466 2692 utili7

27 2750 30 2756 A
75 2705 211 2742 tatem
241 2698 489 2756 reipublicae
523 2698 761 2750 intuentur,
797 2696 947 2739 eodem
982 2698 1114 2742 modo
1149 2699 1191 2742 se
1220 2715 1287 2743 res
1320 2700 1464 2745 habet.

75 2764 201 2821 Licet
232 2775 378 2812 autem
409 2766 494 2811 hoc
524 2764 766 2825 intelligere
786 2765 916 2809 etiam
944 2765 988 2808 in
1015 2765 1111 2812 aliis
1131 2767 1295 2813 artibus
1316 2784 1366 2814 ac
1385 2770 1465 2814 sci-
