1898 3308
205 1816 315 1856 XIV.

442 173 529 231 634
881 175 1381 223 ARISTOTELIS

441 294 524 337 tria
547 303 689 339 autem
720 296 815 342 haec
842 299 953 353 sunt,
975 310 1138 353 natura,
1159 301 1436 354 consuetudo,
1459 299 1584 344 ratio.
1631 296 1814 351 ‘Etenim

441 363 553 406 nasci
573 373 741 422 oportet
760 366 962 424 primum,
983 369 1099 411 verbi
1119 369 1254 422 causa,
1274 369 1509 421 hominem,
1529 376 1574 411 et
1591 381 1679 411 nou
1692 365 1812 414 aliud

438 430 615 489 aliquod
647 434 831 477 animal:
863 436 1017 478 deinde
1050 446 1167 479 certo
1198 438 1384 494 quodam
1413 436 1541 479 modo
1571 435 1810 479 confom-

438 505 532 541 tum
566 508 610 542 et
640 515 812 558 corpore
843 510 887 545 et
915 503 1072 545 animo.
1145 504 1363 547 Nonnulla
1396 513 1540 547 autem
1568 504 1681 556 sunt,
1712 516 1811 560 quae

437 581 523 619 non
559 568 657 611 satis
691 570 747 611 est
780 585 804 612 a
837 580 985 613 natura
1017 572 1096 613 esse
1125 571 1312 614 tributa:
1350 586 1444 614 mos
1474 571 1587 614 enirn
1622 579 1667 614 et
1701 585 1810 614 con·
1868 579 1876 588 ¹

437 632 614 677 suetudo
644 651 694 678 ea
723 636 982 680 immutant:
1015 638 1211 695 quaedam
1241 638 1356 680 enim
1389 639 1485 680 sunt
1513 638 1557 682 in
1586 646 1810 694 utramque

435 710 598 758 partem
621 704 822 760 propensa
840 715 1001 758 natura,
1022 721 1118 762 quae
1140 705 1445 748 consuetudine
1465 705 1508 747 in
1528 703 1714 751 deterius
1733 713 1808 748 aut

357 807 363 815 ,
435 768 479 810 in
519 771 670 813 melius
708 773 949 816 fleauntur.
1021 774 1133 815 Aliae
1173 773 1306 832 igitur
1353 772 1526 831 quidem
1573 771 1809 821 animantes

434 839 618 881 maxime
649 840 822 897 quidem
852 841 1002 884 vivunt
1032 851 1206 884 natura:
1238 842 1455 886 nonnullae
1485 857 1584 885 vero
1603 841 1807 900 ‘aliquan-

433 914 525 947 tum
547 906 674 949 etiam
696 923 813 950 more
832 917 876 950 et
897 909 1225 952 consuetudine:
1256 910 1388 952 homo
1416 919 1560 952 autem
1576 909 1714 966 ,etiam
1739 924 1806 951 ra-

431 973 578 1016 tione:
611 975 693 1018 hoc
723 976 837 1018 enim
871 977 1007 1021 solum
1042 993 1093 1021 ex
1124 979 1325 1021 omnibus
1358 979 1612 1022 animalibus
1642 977 1807 1033 ratione

429 1041 655 1097 praeditum
677 1044 748 1087 est.
810 1046 958 1103 Itaque
987 1046 1080 1088 haec
1112 1055 1280 1104 oportet
1304 1046 1413 1089 inter
1441 1047 1482 1089 se
1509 1045 1732 1091 concinere
1758 1054 1806 1098 et

428 1109 655 1153 consonare
679 1128 689 1153 ε
722 1113 858 1155 multa
886 1113 999 1157 enim
1032 1123 1170 1173 agunt
1192 1114 1387 1158 homines
1406 1124 1558 1173 praeter
1576 1115 1803 1159 consuetu·

429 1178 571 1221 dinem
607 1189 651 1222 et
683 1190 891 1234 naturam,
912 1182 1303 1226 rationem-ducem
1336 1183 1481 1237 secuti,
1509 1184 1534 1228 fi
1565 1182 1801 1241 persuasum

425 1246 488 1288 eis
508 1246 637 1291 fuerit
656 1249 777 1290 aliter
796 1264 922 1306 agere
944 1250 1098 1292 melius
1117 1251 1211 1293 effe.
1270 1252 1334 1294 At
1364 1251 1478 1309 quali
1501 1251 1596 1294 sane
1625 1250 1808 1310 ingenio*

425 1313 627 1370 qualique
647 1325 795 1357 natura
815 1316 1014 1372 praeditos
1030 1331 1103 1359 eos
1123 1317 1203 1359 effe
1221 1327 1426 1374 oporteat,
1443 1319 1518 1376 qui
1536 1318 1680 1376 legum
1702 1317 1801 1375 {cri-

422 1380 535 1436 ptori
558 1380 691 1423 futuri
726 1381 803 1423 fint
829 1382 1030 1440 morigeri
1051 1392 1094 1424 et
1113 1384 1370 1437 traEtabiles,
1392 1385 1584 1428 distinete
1610 1383 1797 1442 explica·

423 1447 563 1490 vimus
593 1458 730 1492 antea.
792 1449 1021 1507 Reliquum
1046 1450 1139 1507 jam
1169 1452 1292 1493 nobis
1319 1467 1475 1496 munus
1495 1453 1567 1505 est,
1587 1460 1637 1495 ut
1654 1451 1709 1495 de
1727 1453 1795 1495 in-

422 1515 635 1559 stitutione
665 1525 708 1559 et
737 1516 954 1574 disciplina
981 1517 1137 1559 civium
1167 1517 1436 1565 differamus:
1466 1519 1550 1564 alia
1573 1520 1691 1565 enim
1711 1520 1794 1565 dis·

421 1592 526 1626 cunt
545 1584 869 1639 consuescendo,
889 1585 971 1628 alia
989 1584 1214 1634 audiendo.

998 1703 1208 1724 *-

943 1794 981 1838 C
998 1794 1037 1837 A
1057 1796 1100 1837 P.
1147 1796 1268 1839 XIV.

417 1905 483 1947 De
515 1911 623 1948 reeta
654 1907 799 1950 civium
834 1907 1099 1965 institutione.-
1131 1917 1167 1950 et
1195 1925 1324 1951 eorum
1357 1924 1485 1951 errore
1514 1908 1584 1968 qui
1615 1908 1719 1966 leges
1751 1917 1792 1952 et

471 1974 717 2032 disciplinam
733 1977 856 2032 suam
875 1977 932 2017 ad
952 1992 1011 2017 res
1042 1976 1201 2019 bellicas
1230 1976 1418 2034 refferunt,
1440 1992 1516 2020 non
1536 1977 1594 2018 ad
1616 1984 1786 2036 tempora

465 2052 594 2099 paczs.
1191 2081 1195 2084 .
1475 2108 1478 2109 ⁷
1677 2089 1695 2113 ’Υ

470 2132 774 2176 QUONIAM
806 2143 948 2176 autem
984 2134 1159 2178 societas
1192 2134 1331 2177 omnis
1367 2134 1520 2187 civilis,
1547 2149 1599 2177 ex
1629 2134 1682 2177 iis
1714 2135 1789 2192 qui

411 2198 636 2256 imperant,
657 2210 701 2242 et
727 2201 778 2242 iis
803 2201 875 2258 qui
906 2202 980 2244 sub
1012 2202 1189 2259 imperio
1217 2203 1325 2255 sunt,
1355 2203 1538 2245 constatz
1572 2217 1677 2260 ergo
1701 2202 1787 2247 hoc

410 2267 640 2312 videndum
671 2271 742 2322 est,
764 2279 905 2313 utrum
927 2286 1000 2313 eos
1020 2272 1094 2329 qui
1117 2272 1339 2328 imperant,
1361 2279 1405 2313 et
1427 2285 1508 2317 ,eos
1534 2270 1611 2328 qui
1639 2280 1787 2328 parent

409 2336 603 2394 imperio,
636 2338 849 2380 diffimiles
881 2354 929 2381 ae
963 2339 1145 2381 diversos
1175 2339 1254 2382 effe
1284 2348 1494 2397 oporteat,
1515 2354 1568 2381 an
1600 2338 1784 2393 eosdem,

409 2419 484 2462 per
504 2419 632 2447 omne
652 2405 748 2447 vitae
771 2414 951 2462 tempus.
1015 2407 1282 2463 Perspicuum
1311 2406 1425 2448 enim
1451 2407 1522 2458 est,
1539 2420 1597 2449 ex
1617 2406 1698 2449 hac
1715 2406 1782 2449 di·
1837 2444 1842 2449 Α

408 2473 561 2515 visione
581 2473 811 2531 disciplinae
831 2474 1040 2517 rationem
1070 2474 1270 2532 pendere,
1289 2483 1339 2516 ut
1358 2474 1493 2532 qualis
1516 2473 1644 2532 hujus
1662 2489 1782 2532 quae·

410 2540 548 2582 stionis
588 2541 797 2584 distinetio
834 2540 976 2595 fuerit,
1018 2543 1147 2585 talem
1186 2541 1342 2585 civium
1390 2541 1652 2599 disciplinam
1701 2542 1780 2604 effe

407 2617 613 2663 oporteat.
673 2609 718 2651 Si
764 2609 897 2666 igitur
944 2609 1063 2652 alteri
1112 2618 1229 2652 tanto
1276 2609 1418 2652 alteris
1464 2609 1779 2662 antecellerent,

288 2692 395 2747 239
408 2684 568 2732 quanto
597 2676 698 2719 deos
726 2685 770 2718 et
803 2677 951 2720 heroas
981 2678 1228 2720 horninibus
1257 2679 1446 2734 praestare
1464 2677 1776 2722 existimamus:

407 2752 454 2784 ut
474 2743 654 2800 primum
678 2744 811 2786 statim
842 2759 1017 2802 corpore
1040 2746 1168 2803 longe
1185 2745 1314 2788 essent
1331 2745 1602 2802 procerior-ee,
1623 2746 1780 2790 deinde

404 2810 547 2854 animo
581 2811 719 2854 multo
751 2812 1089 2866 excellentiores,
1126 2815 1185 2856 ita
1219 2823 1266 2856 ut
1298 2814 1621 2868 incontroversa‚
1655 2823 1704 2871 et,
1730 2815 1776 2858 in

1740 51 1778 78 ³⁸³.
1802 69 1810 76 θ
1822 59 1830 74 3
1847 63 1849 66 .

1710 81 1713 87 ⁴
1762 78 1773 93 ι’
1798 87 1811 92 *¹
1820 91 1828 95 v

1690 103 1692 109 v
1762 96 1765 97 ⁷
1791 95 1821 111 μω
1843 100 1846 101 ⁷

1664 110 1666 113 >
1681 109 1683 113 ’
1698 122 1704 124 ,
1735 98 1869 147 ,ϊὟὲΆὶ-ἕζῖιῦ

1757 143 1806 166 'ssv‘i
1854 147 1866 171 ᾖ
