1898 3308
410 156 496 219 646
713 192 716 194 .
816 154 1346 200 ‹A-RISTOTELIS

409 278 726 335 obscoenitatem
749 293 798 322 ex
820 279 1006 333 civitate,
1027 279 1158 336 fiquid
1177 279 1312 332 aliud,
1333 279 1486 338 ejicere
1505 278 1700 333 debeat:v
1720 281 1795 334 (ex

411 361 464 390 eo
483 346 598 388 enim
622 346 739 404 quod
759 347 929 405 aliquis,
950 348 1252 405 quodcumque
1283 350 1455 390 verbum
1477 357 1601 405 turpe
1622 347 1793 400 ingbuc-

413 430 507 467 cam
532 416 686 468 veniat,
708 415 831 459 facile
851 417 1142 475 proloquatur,
1166 416 1346 458 nascitur
1369 415 1562 473 proxime
1576 425 1631 477 υς..
1645 413 1790 469 faciat)

414 492 507 535 tum
529 483 712 540 maxi-me
733 499 758 526 a
778 499 1008 541 puerorum
1037 483 1211 536 auribus
1240 483 1458 540 oculisque
1485 497 1722 534 removere,
1740 496 1797 534 ‚ne

416 553 522 611 quid
547 553 630 595 tale
660 553 721 595 vel
755 554 983 610 loquantur
1015 552 1077 594 vel
1108 552 1297 594 audiant.
1359 551 1489 596 Quod
1510 551 1794 610 fiquiscom·

422 620 624 678 periatur,
646 621 806 677 aliquid
835 636 979 663 eorum
1012 635 1108 676 quae
1142 620 1310 677 legibus
1338 619 1469 661 vetita
1494 620 1701 673 sunnam
1719 619 1797 673 ,ᾀί-

419 703 515 739 cere
544 699 619 731 aut
650 702 794 745 agere,
825 687 941 745 isque
972 687 1079 729 liber
1110 687 1156 728 fit
1187 686 1362 744 quidem
1393 686 1481 739 ille,
1504 687 1574 741 sed
1606 686 1796 739 nondum

416 755 575 814 dignus
606 756 680 813 qui
700 756 755 810 *in
793 755 999 798 conviviis
1031 755 1212 812 publicis
1244 754 1417 807 interfit,
1445 755 1619 798 habitus
1648 755 1799 810 {itaet

417 822 656 881 ignominia
688 822 947 873 afficiendus,
980 831 1024 864 et
1057 822 1298 875 verberibus
1327 822 1592 880 castigandus
1623 823 1707 876 est:
1728 823 1798 870 >fin

419 891 470 942 fit
497 891 578 934 hac
606 899 730 933 aetate
764 890 962 947 superior,
988 890 1236 948 ignominiis
1266 890 1539 943 illiberalibus
1569 890 1803 944 inurendus

420 959 493 1011 est,
514 968 738 1016 propterea
757 958 875 1016 quod
895 958 934 1000 se
955 958 1165 1000 servorum
1187 957 1361 1000 fimilem
1387 958 1576 1011 moribus
1601 959 1798 1016 praebue-

420 1027 492 1070 rit.
553 1027 772 1082 Quoniam
791 1036 932 1069 autem
965 1026 1050 1069 tale
1076 1025 1235 1083 aliquid
1258 1026 1451 1083 proloqui
1473 1024 1800 1086 vetamue„per-

421 1095 609 1151 spicuum
644 1094 703 1149 est
737 1094 865 1136 etiam
900 1093 1086 1151 picturas
1121 1104 1164 1136 et
1196 1093 1364 1136 fabulas
1395 1094 1613 1148 indecoras
1643 1095 1800 1147 80,ρο-

422 1162 581 1219 formes
602 1162 786 1220 spectare
816 1177 889 1219 per
919 1177 995 1204 nos
1027 1177 1110 1204 non
1130 1162 1283 1206 nlicere.
1344 1163 1462 1206 Dent
1482 1163 1804 1223 igituroperwam

424 1230 707 1288 magistratus,
737 1245 790 1272 ne
821 1245 906 1287 qua
938 1229 982 1270 fit
1014 1230 1076 1271 vel
1112 1230 1244 1271 statua
1276 1230 1339 1271 vel
1374 1231 1519 1273 tabula
1549 1231 1678 1288 piQ
1706 1247 1803 1288 quae

423 1298 530 1356 tales
563 1297 750 1355 actiones
783 1297 1003 1339 imitetur:
1038 1298 1107 1338 nifi
1137 1298 1243 1339 forte
1273 1297 1314 1339 in
1347 1298 1517 1355 templis
1538 1289 1802 1356 quorundam

423 1365 575 1421 talium
598 1365 790 1417 deorum,
812 1365 969 1422 quibus
990 1365 1055 1406 lex
1077 1364 1280 1406 lasciviam
1307 1374 1434 1421 atque
1454 1366 1682 1409 irrisionem
1706 1367 1803 1424 sub-2

425 1433 667 1476 obscoenam
689 1433 900 1475 attribuit.
960 1433 1268 1475 Verumtamen
1289 1433 1366 1474 hos
1387 1432 1490 1476 deos
1509 1434 1718 1491 permittit
1736 1435 1806 1482 lex

425 1500 478 1567 iis
497 1501 571 1558 qui
591 1500 718 1558 paulo
738 1501 833 1543 sunt
854 1509 976 1542 aetate
991 1501 1289 1558 provectiores,
1306 1509 1350 1542 et
1369 1516 1443 1557 pro
1464 1502 1524 1554 se,
1535 1511 1676 1561 etpro
1696 1502 1804 1545 libe-

312 1583 412 1624 303
431 1569 503 1621 ris,
525 1579 569 1611 et
590 1584 667 1626 pro
690 1569 892 1613 uxoribus
912 1568 1114 1620 venerari,
1145 1578 1188 1612 et
1217 1569 1336 1611 omni
1366 1569 1510 1619 cultus.
1534 1585 1692 1627 genere
1714 1585 1807 1614 mas

430 1638 558 1680 &ax-e.
617 1637 866 1680 Junioribus
901 1652 999 1679 vero
1033 1652 1171 1695 neque
1206 1637 1367 1680 iambos
1404 1653 1546 1696 neque
1579 1638 1808 1690 comoedias

428 1696 720 1763 ¹spectare-ulla
739 1705 837 1764 lege
861 1705 1048 1763 permitti
1079 1705 1222 1758 debet,
1243 1705 1480 1763 priusquam
1512 1721 1604 1748 eam
1633 1715 1807 1753 aetatem

428 1774 666 1830 attigerint,
689 1774 733 1815 in
755 1788 837 1830 qua
856 1782 899 1815 et
920 1773 980 1815 eis
1000 1773 1287 1829 accubationis
1310 1785 1437 1831 atque
1466 1774 1809 1826 ebrietatis-conse

429 1842 613 1885 sortibus
642 1842 791 1884 licebit
822 1842 929 1884 csse:
962 1852 1006 1884 et
1037 1857 1109 1884 eos
1140 1857 1289 1885 omnes
1315 1858 1340 1885 a
1365 1859 1476 1886 noxa
1494 1858 1544 1897 ex
1566 1844 1633 1886 his
1654 1844 1811 1887 talibus

430 1910 719 1967 proficiscente
739 1909 977 1952 incolumes
996 1918 1126 1966 atque
1156 1910 1344 1968 integros
1374 1910 1809 1969 disciplina-servabit.

431 1978 563 2020 Nunc
583 1977 716 2033 igitur
735 1977 850 2018 hunc
877 1976 1109 2019 sermonem
1142 1978 1289 2019 cursim
1321 1978 1576 2022 habuimus:
1610 1979 1812 2036 posterius

432 2053 575 2087 autem
613 2044 818 2086 attentius
855 2044 934 2085 erit
963 2044 1332 2096 considerandum,
1367 2046 1640 2103 pluribusque
1667 2047 1812 2098 yerbis

432 2112 749 2168 explicandum,
771 2111 1057 2169 quaerentibus
1087 2112 1287 2168 primum,
1310 2124 1450 2155 utrum
1482 2114 1658 2156 minime
1681 2115 1811 2156 fitfa-

433 2170 651 2238 ciendum,
673 2195 724 2221 an
748 2179 794 2221 fit
819 2179 1058 2222 faciendum
1079 2196 1088 2221 :
1121 2180 1275 2222 deinde
1307 2182 1522 2238 quomodo
1552 2181 1812 2229 faciendum.

436 2250 484 2291 In
520 2248 739 2306 praesentia
768 2257 910 2291 autem
943 2248 1167 2290 neceffario
1204 2248 1269 2289 his
1304 2248 1357 2290 de
1387 2250 1513 2291 rebus
1546 2250 1812 2303 mentionem

435 2316 683 2359 nonnullam
708 2315 900 2358 fecimus.
961 2316 1140 2358 Fortasse
1170 2317 1282 2358 enirn
1313 2317 1565 2360 Theodorus
1594 2318 1814 2376 tragoedus

436 2400 520 2441 non
547 2384 658 2426 male
688 2384 772 2425 tale
801 2382 1007 2440 quiddam
1034 2383 1231 2426 dicebat:
1265 2385 1431 2426 nullum
1462 2385 1575 2427 enim
1609 2401 1812 2443 unquam,

438 2468 492 2495 ne
525 2460 819 2508 contemptum
852 2451 1027 2508 quidem
1061 2451 1316 2504 histrionem,
1338 2452 1471 2509 paffus
1498 2453 1552 2495 est
1581 2464 1679 2496 ante
1703 2454 1743 2496 se
1769 2454 1813 2496 in

438 2521 604 2564 scenam
635 2520 829 2577 prodire:
862 2519 976 2575 quod
1009 2519 1259 2562 existimaret
1295 2521 1571 2577 spectatorum
1609 2536 1729 2564 aures
1764 2513 1818 2566 iiis¹

438 2605 536 2645 quae
558 2588 691 2646 prima
710 2586 902 2638 audiunt,
925 2597 1066 2643 captas
1087 2588 1298 2644 occupari.
1324 2605 1330 2611 ‘
1359 2589 1490 2631 Quod
1519 2588 1631 2645 idem
1664 2589 1814 2632 usuve-

440 2657 503 2704 nit
521 2666 565 2698 et
585 2657 626 2697 in
649 2655 871 2696 hominum
900 2656 1271 2712 congreffionibus,
1291 2667 1334 2698 et
1362 2657 1404 2698 in
1436 2672 1573 2698 rerum
1602 2658 1816 2700 tractatio-

441 2725 584 2779 nibus.
643 2725 756 2765 Nam
780 2738 873 2778 quae
895 2723 1029 2779 prima
1049 2724 1171 2765 nobis
1198 2724 1339 2765 oblata
1363 2725 1472 2776 sunt,
1495 2739 1543 2766 ea
1560 2725 1820 2775 omniansunt

442 2792 563 2839 nobis
596 2790 889 2852 probatiffima,
950 2790 1095 2833 Quare
1127 2791 1479 2844 adolel'centibu5‚
1502 2806 1601 2834 cum
1631 2792 1819 2836 malaiac
