1968 3366
450 205 545 255 m:
587 205 1011 256 REPUBLICA
1048 206 1085 255 1.
1113 221 1158 270 3.
1403 208 1490 270 ³83

123 340 224 392 pur!
238 329 330 376 ‘est--
370 332 494 377 Nam
532 333 617 377 fine
647 334 777 377 rebus‘
807 333 863 377 ad
898 333 1058 377 vietum
1087 331 1318 376 neeeffariis
1351 348 1490 392 neque

124 399 279 454 vivere,
299 405 439 460 neque
457 403 564 445 bene
584 402 722 446 vivere
741 402 803 445 fas
822 403 893 446 est.
951 402 1324 446 Quemadmodum
1345 414 1489 447 autem

123 466 170 510 iu
199 467 360 511 ortibus
393 467 580 512 definitis
609 483 660 512 ac
690 468 996 522 determinatis,
1027 468 1304 512 instrumenta
1335 470 1490 527 cuique

122 534 204 577 arti
227 535 549 587 accommodata
575 537 795 594 suppetere
823 536 983 580 neeefl'e
1010 537 1082 589 est,
1105 535 1133 578 fi
1153 535 1346 579 futurum
1364 538 1421 579 est
1442 547 1491 580 ut

123 616 231 660 opus
258 603 314 646 ab
339 602 500 646 artifice
528 603 792 647 absolvatur:
824 604 884 646 ita
913 612 957 647 et
986 603 1048 646 rei
1073 602 1288 646 familiaris
1306 603 1490 647 admini-

125 669 300 713 strandae
318 669 470 712 rationi
490 670 562 713 sua
587 671 737 728 praesto
756 670 914 714 debent
941 670 1021 714 effe
1049 670 1336 713 instrumenta.
1394 672 1490 714 Jam

123 736 498 782 instrumentorum
531 738 613 782 alia
644 739 740 782 sunt
775 733 976 791 inanima,
1012 738 1093 782 ali-a
1125 738 1336 782 animata:
1377 738 1493 781 verbi

122 805 277 864 gratia,
297 806 416 850 navis
432 806 708 865 gubernatori
727 806 869 850 clavus
894 807 1066 866 quidem
1097 806 1415 850 instrumentum
1436 808 1494 849 est

122 872 377 927 inanimum,
415 888 553 932 prorae
588 874 811 932 praeffflus
850 889 944 918 vero
983 875 1234 918 animatum.
1299 875 1494 918 Minister

121 940 237 984 enim
273 941 434 985 artibus
471 941 786 991 fimilitudinem
823 942 1051 1001 quamdam
1082 942 1350 1001 speciemque
1380 942 1495 1002 gerit

121 1009 401 1053 instrumenti.
459 1005 531 1053 Sit:
550 1018 595 1053 et
611 1024 678 1053 res
696 1009 836 1068 aliqua
855 1019 973 1068 parta
991 1019 1035 1053 et
1053 1011 1239 1069 quaefita,
1261 1011 1341 1054 five
1363 1011 1494 1054 etiam

121 1077 287 1132 talias,
314 1077 638 1138 instrumentum
670 1079 728 1122 est
757 1079 814 1122 ad-
842 1078 971 1122 vitam
998 1078 1235 1136 degendam
1272 1093 1491 1136 compara·

120 1146 234 1196 tami
269 1148 451 1192 *Renum
485 1156 628 1191 autem
661 1155 874 1206 partarum
909 1148 980 1190 seu
1014 1147 1254 1190 relietarum
1290 1147 1494 1205 pofl'effio,

122 1215 355 1259 multitudo
390 1215 763 1262 instrumentorum
803 1216 876 1268 est,
900 1224 960 1258 .et
994 1214 1149 1267 servus,
1190 1228 1257 1257 res
1294 1214 1492 1272 quaedam

122 1282 290 1341 pofl'effa
316 1283 502 1327 animata
528 1283 615 1325 est·⁷
642 1291 687 1325 et
716 1282 899 1326 minister
926 1282 1065 1325 omnis»
1091 1282 1223 1325 veluti
1238 1283 1491 1325 instrumen-

120 1360 214 1395 tum
241 1351 300 1394 est
327 1351 599 1394 instrumenta
626 1349 900 1393 antecedene‘
955 1351 1068 1393 Nam
1093 1350 1135 1402 fi,
1155 1359 1206 1393 ut
1224 1350 1368 1393 ferunt
1386 1351 1492 1394 Dae-

118 1418 205 1462 dau
224 1418 454 1472 simulacra,
474 1427 550 1461 aut
571 1418 754 1462 Vulcani
774 1418 977 1476 tripodas,
998 1433 1106 1475 quos
1126 1418 1186 1461 ait
1205 1427 1349 1477 poeta,

233 1486 434 1531 Divinum
451 1486 522 1530 vel
524 1487 666 1545 sponte
669 1488 754 1544 sua
772 1494 963 1529 certamen
983 1487 1107 1545 im'ff
1123 1503 1138 1528 .-

117 1559 184 1599 lta
206 1565 255 1599 et
280 1555 621 1613 unumquodque
653 1554 1024 1598 instrumentorum
1055 1555 1120 1597 vel
1151 1555 1322 1599 artificis
1350 1553 1494 1599 domi·-

118 1623 251 1681 nique
260 1622 391 1681 juffu,
418 1622 484 1666 vel
514 1621 780 1679 praesentiens
810 1622 971 1664 domini
1002 1622 1279 1677 voluntatem,
1299 1632 1343 1667 et
1362 1625 1491 1678 ultro,

118 1691 239 1734 suum
260 1705 368 1748 opus
387 1689 518 1747 poffet
537 1689 748 1732 absolvere
767 1705 778 1732 z
810 1699 854 1731 et
874 1689 899 1731 fi
921 1690 1026 1732 radii
1048 1691 1225 1733 textoris
1254 1706 1329 1748 per
1357 1692 1398 1735 se
1426 1701 1493 1735 te-

119 1768 283 1811 xerent,
303 1751 347 1801 et
367 1758 526 1816 picata
545 1757 750 1800 citharam
773 1757 1015 1814 pulsarent:
1047 1772 1132 1799 non
1163 1773 1269 1816 opus
1289 1760 1389 1802 effet
1415 1774 1493 1802 ne-

119 1840 205 1884 que
233 1825 456 1884 opificibus
482 1837 610 1882 opera
639 1824 945 1878 ministrorum,
964 1840 1103 1883 neque
1132 1825 1337 1879 dominis,
1353 1827 1493 1870 servo-

121 1897 237 1938 rum'.
274 1893 576 1936 instrumenta
611 1892 746 1950 igitur
779 1907 876 1949 quae
909 1893 1188 1951 appellantur,
1222 1894 1497 1938 instrumenta.

119 1963 218 2005 funt
248 1961 302 2004 ad
333 1960 604 2004 efficiendum
637 1960 843 2002 valentia:
875 1975 942 2003 res
973 1971 1089 2018 parta
1118 1971 1163 2004 et
1191 1963 1358 2020 poffeffa
1379 1978 1493 2016 vero,

118 2027 411 2087 adfligendum
429 2028 556 2079 valet.
613 2027 728 2070 Nam
752 2043 777 2070 a
795 2028 912 2070 radio
939 2028 1054 2071 al-iud
1083 2029 1285 2086 quiddam
1315 2031 1495 2074 efficitur

117 2097 420 2157 metendum
446 2096 552 2155 ejus,
578 2111 631 2138 ex
662 2096 768 2138 veste
797 2106 938 2138 autem
961 2107 1004 2139 et
1023 2097 1136 2140 leeio
1157 2098 1252 2141 usus
1272 2099 1497 2143 dumtaxat

117 2162 408 2224 proficiscitur.
468 2164 675 2211 Praeterea
698 2164 898 2221 quoniam
917 2164 1084 2208 effeffio
1113 2175 1156 2207 et
1185 2165 1297 2208 aetio
1324 2166 1436 2209 inter
1454 2167 1496 2209 se

117 2233 255 2291 specie
271 2231 489 2284 differunt,
513 2241 558 2273 et
586 2231 758 2288 utrique
788 2231 1072 2274 instrumentis
1088 2248 1197 2291 opus
1216 2235 1273 2276 est
1293 2250 1308 2276 ι
1337 2234 1497 2277 neeeffe

118 2302 246 2345 etiam
267 2301 324 2343 est
345 2300 437 2342 haec
456 2299 608 2342 eodem
632 2299 768 2341 modov
790 2299 900 2342 inter
924 2300 964 2342 se
997 2300 1183 2343 differre.
1238 2302 1342 2344 Vita
1369 2316 1510 2359 porro

119 2369 248 2422 aEtio,
267 2382 355 2410 non
373 2367 540 2410 effefflo
558 2367 630 2409 est.
680 2367 897 2410 Quocirca
915 2376 958 2409 et
978 2367 1134 2421 servus,
1155 2383 1301 2411 eorum
1323 2363 1420 2427 quae
1440 2371 1497 2412 ad

118 2437 333 2481 aelim-em
350 2435 581 2494 pertinent,
602 2434 788 2476 minister
806 2435 878 2477 est.
924 2435 1020 2477 Jam
1042 2450 1108 2478 res
1126 2436 1293 2493 poffeffa
1312 2438 1364 2480 fic
1384 2437 1493 2480 dici-

116 2514 205 2557 tur,
226 2513 276 2547 ut
294 2513 338 2546 et
365 2517 474 2561 pars.
524 2503 639 2544 Nam
661 2511 704 2543 et
725 2517 818 2559 pars
842 2517 927 2544 non
948 2502 1082 2545 solum
1113 2504 1286 2547 alterius
1306 2506 1361 2547 est
1382 2520 1494 2562 pars,

117 2573 188 2618 hd
206 2572 334 2616 etiam
355 2569 595 2628 {impliciter
613 2570 784 2612 alterius
804 2570 874 2612 est.
934 2571 990 2612 Et
1009 2585 1075 2613 res
1095 2571 1258 2627 poffefl'a
1287 2560 1490 2617 fimiliter.
1508 2580 1543 2621 8·

118 2641 391 2698 Quapropter
422 2637 623 2681 dominus
651 2637 752 2679 servi
790 2637 963 2694 quidem
995 2638 1195 2682 dominus
1223 2641 1279 2682 est
1308 2650 1495 2695 tantum,

10 2738 21 2745 -
94 2708 189 2752 'sed
207 2707 326 2750 iliius
341 2721 426 2749 non
448 2706 520 2748 est.
581 2706 734 2748 Servus
753 2716 896 2748 autem
921 2721 1003 2747 non
1026 2707 1155 2749 modo
1171 2707 1340 2750 domini·
1355 2709 1495 2752 servus

31 2780 33 2783 ’
59 2807 63 2810 -
114 2778 191 2828 est,
211 2776 282 2818 sed
301 2774 430 2818 etiam
454 2773 643 2816 absolute
663 2782 707 2815 et
726 2772 902 2815 omnino
932 2774 1047 2816 illius
1076 2775 1147 2833 est.
1207 2776 1320 2818 Quae
1343 2777 1388 2818 fit
1409 2777 1495 2835 igi-

115 2853 187 2888 tur
210 2843 315 2888 servi
346 2851 516 2896 natura,
541 2855 724 2900 quaeque
755 2840 816 2885 vis
849 2855 899 2884 ae
929 2842 1123 2900 potestas,
1153 2857 1205 2886 ex
1234 2843 1301 2887 his
1334 2845 1494 2903 perspi·
