1898 3308
365 183 461 229 DE
503 183 935 231 REPUBLICA
975 186 1102 232 vm.
1132 196 1179 245 5.
1369 186 1463 244 ⁶59·

56 302 227 360 8⁶29&
245 302 417 352 ‘mulien
435 305 549 352 ·fit·e
581 315 764 353 numero
791 323 933 353 rerum
957 309 1250 368 jucundarum
1273 313 1296 352 ι’
1319 309 1456 352 virtus

46 371 215 421 “h
233 374 282 420 in
308 388 371 421 eoo
396 376 596 432 versatur,
627 387 678 422 ut
708 377 806 437 quis
842 379 958 422 reete
991 377 1162 420 laetetur
1192 388 1236 420 et
1265 387 1382 421 amet
1409 386 1455 420 et

0 472 6 480 ·
53 439 222 491 effit-
250 450 422 503 φοι-ἴα
450 445 614 490 seilicet
647 446 756 489 nihil
792 447 854 489 ita
883 445 1056 499 discere,
1082 445 1277 502 nullique
1306 446 1367 488 rei
1397 446 1452 489 fic

2 510 26 535 ‘³
6 509 274 575 remi,
302 521 353 556 ut
382 513 467 568 his,
503 529 658 573 nempe
687 517 803 558 reete
829 514 1042 574 judicare,
1069 521 1115 556 et
1143 513 1286 571 probis
1315 513 1450 555 mori-

9 560 151 631 Ῠῗὶω
165 578 432 640 honestisque
451 582 696 627 aetionibus
729 582 946 627 delectari.
1011 583 1069 625 At
1103 581 1148 624 in
1185 581 1374 625 numeris
1407 573 1573 628 et316

4 667 6 669 ·
53 645 197 693 nodie
227 658 384 708 praeter
418 665 536 695 veras
574 660 761 705 naturas,
793 651 936 694 insunt
967 650 1154 694 maxime
1184 649 1276 703 irae,
1311 657 1356 692 et
1385 649 1451 692 le-

12 758 13 761 ,
55 713 218 771 vitatis,
259 726 306 762 et
340 733 442 762 vero
481 718 611 763 etiam
656 719 936 772 fortitudinis,
973 727 1017 762 et
1062 718 1371 776 temperantiae,
1412 726 1457 762 et

48 784 250 830 munium
285 786 354 830 his
385 789 697 832 contrariorum
738 788 968 832 habituum
1007 787 1274 845 aliarumque
1312 802 1455 846 rerum

6 853 284 900 moralium
318 856 540 901 fimulaera
568 858 765 917 quaedam
794 857 994 917 exprefl'a.
1054 860 1204 915 Atque
1232 857 1317 900 hoe
1344 842 1456 900 faeta

14 918 378 980 iiphdeelarant
393 942 406 969 ε
438 939 539 970 cum
569 927 686 970 enim
715 926 818 970 talia
833 927 1054 980 audimus,
1074 925 1318 970 animorum
1338 925 1417 969 fit
1406 940 1454 969 m

18 990 182 1035 'mobis
212 993 397 1037 mutatio
431 1003 478 1038 et
510 995 789 1053 perturbatio.
847 997 911 1039 At
948 995 1138 1054 aliquem
1179 995 1225 1037 in
1264 994 1317 1038 iis
1355 1009 1456 1053 quae

21 1103 23 1105 ,
56 1057 335 1108 fimilitudine
362 1070 416 1108 et*
437 1065 679 1110 imitatione
713 1065 810 1108 sunt
839 1065 1037 1123 expreffa,
1068 1064 1342 1109 affuefafium
1375 1064 1457 1108 effe

54 1126 204 1175 dolam
221 1141 268 1176 et
285 1132 440 1188 latai-i,
461 1149 548 1178 non
576 1135 711 1194 longe
739 1135 851 1178 abest
878 1135 932 1177 ab
960 1149 1028 1187 eo,
1059 1143 1111 1177 ut
1141 1133 1294 1177 eodem
1322 1133 1455 1176 modo

50 1197 108 1243 ad
138 1213 206 1245 rea
236 1216 355 1246 veras
385 1203 434 1246 fit
465 1204 679 1248 animatus
709 1213 838 1262 atque
867 1203 1075 1246 effeetus:
1106 1202 1226 1246 verbi
1255 1202 1394 1255 causa,
1425 1202 1454 1245 fi

53 1266 154 1325 quie
177 1269 360 1331 alicujus
389 1271 580 1332 imagine
611 1271 852 1331 aspicienda
882 1271 1136 1325 deleEtetur,
1159 1286 1244 1314 non
1279 1280 1455 1329 propter

53 1334 184 1381 uliam
211 1339 381 1384 causam
417 1356 548 1400 quam
583 1350 756 1399 propter
787 1340 973 1399 speciem
1000 1349 1047 1383 et
1075 1339 1257 1390 formam
1284 1339 1416 1398 ipsam
1436 1357 1451 1401 ,ε

52 1405 159 1452 huic
185 1407 281 1467 ejus
308 1409 434 1468 ipfins
462 1409 671 1469 aspeRuS,
700 1409 822 1468 cujus
851 1409 1088 1468 imaginem
1117 1408 1452 1466 contemplatur,

46 1476 271 1541 ιἱιιιιιιιιάιιο
290 1477 340 1521 fit
358 1475 518 1522 neceffe
538 1479 611 1521 est.
672 1478 827 1521 Evenit
846 1487 1008 1530 autem,
1030 1477 1143 1521 utin
1162 1477 1257 1520 aliis
1274 1476 1455 1534 quidem

53 1545 279 1597 mbmsub
297 1546 462 1589 sensum
493 1545 760 1598 cadentibuS,
781 1545 949 1588 nullum
971 1545 1068 1588 infit
1093 1559 1262 1588 morum
1284 1545 1456 1588 fimula·

55 1628 210 1659 mum:
243 1612 358 1657 verbi
378 1613 532 1672 gratia,
562 1613 604 1655 in
640 1613 691 1655 iis
723 1629 818 1672 quae
842 1615 1006 1657 taetum
1042 1622 1086 1656 et
1116 1614 1332 1673 gustatum
1355 1628 1454 1656 mo·-

52 1691 186 1726 vent=
227 1692 501 1725 veruntamen
541 1681 586 1724 in
623 1681 952 1739 aspefi'tabilibus
990 1682 1094 1725 inest
1133 1682 1455 1740 aliquantulum

61 1750 186 1809 (tales
204 1751 321 1795 enim
342 1751 438 1795 sunt
459 1751 627 1810 figurae)
652 1750 723 1794 sed
753 1764 901 1808 parum
935 1750 1170 1794 admodum
1191 1768 1202 1794 ε
1235 1760 1328 1794 tum
1356 1765 1454 1794 om-

56 1818 179 1864 nium
200 1819 426 1863 hominum
447 1819 546 1863 talis
564 1820 705 1863 sensus
726 1820 968 1862 communis
990 1820 1063 1862 est.
1124 1820 1334 1862 Praeterea
1354 1833 1455 1864 vero

55 1901 143 1931 non
162 1887 260 1931 sunt
287 1887 357 1931 hae
387 1903 484 1947 quae
514 1887 639 1940 fiunt,
671 1902 841 1931 morum
865 1887 1029 1946 figurae,
1051 1895 1182 1945 atque
1203 1887 1249 1929 hi
1270 1887 1453 1943 colores,

19 1959 24 1966 '
53 1946 227 2000 morum
247 1954 494 2000 fimulacra:
517 1955 589 1999 sed
609 1956 727 2015 signa
746 1956 916 2015 potius:
948 1965 992 1999 et
1009 1955 1104 1999 haec
1125 1955 1267 1999 insunt
1288 1956 1331 1999 in
1353 1970 1452 1999 cor-

53 2036 175 2084 pore,
195 2023 309 2068 inter
326 2024 516 2083 corporis
533 2021 726 2068 affeetus.
786 2025 1095 2068 Verumtamen
1118 2033 1452 2082 quantacunque

53 2093 106 2139 fit
123 2092 167 2137 in
187 2092 339 2137 harum
369 2107 512 2137 rerum
540 2092 802 2150 inspeetione
829 2092 1083 2146 differentia,
1105 2102 1276 2151 oportet
1295 2108 1452 2151 pueros

22 2207 23 2210 ,
53 2171 102 2206 et
116 2161 406 2206 adolescentes
419 2176 507 2205 non
527 2161 742 2214 Pausonis‚
759 2161 831 2204 sed
848 2161 1096 2220 Polygnoti,
1111 2170 1156 2205 et
1176 2162 1202 2204 fi
1224 2162 1322 2220 quis
1343 2163 1452 2206 alius

54 2230 192 2289 ρὶᾶοῐ
212 2239 288 2274 aut
307 2230 429 2275 fiam·
444 2230 617 2274 moralis
632 2231 705 2284 est,
721 2230 806 2273 hoc
821 2231 894 2283 est,
915 2245 1058 2273 mores
1074 2229 1291 2287 exprimit,
1312 2230 1454 2288 pieiu-

52 2313 123 2343 m
140 2298 313 2343 intueri.
371 2300 437 2342 At
464 2298 510 2342 in
540 2297 681 2342 modis
711 2298 806 2355 ipfis
840 2307 887 2342 et
915 2297 1116 2341 cantibus
1140 2297 1286 2341 insunt
1304 2298 1451 2341 imita-

54 2367 198 2413 tiones
228 2367 639 2425 affimulationesque
670 2382 869 2410 morum:
902 2375 1032 2424 atque
1064 2367 1149 2410 hoc
1176 2367 1220 2408 in
1249 2376 1453 2425 promptu

34 2437 131 2482 Tost.
187 2437 382 2481 Tantum,
403 2435 522 2479 enim
551 2434 754 2478 differunt
773 2449 822 2477 ac
844 2434 997 2477 distant
1016 2434 1128 2478 inter
1146 2435 1187 2477 se
1206 2434 1452 2478 harmonia-

54 2517 154 2551 m
182 2514 364 2558 naturae,
382 2512 449 2558 ut,
469 2502 546 2563 qui
573 2502 769 2555 audiunt,
796 2503 920 2546 aliter
948 2511 1079 2560 atque
1109 2503 1234 2546 aliter
1263 2503 1452 2547 affician-

55 2581 144 2629 tur,
175 2588 317 2634 neque
346 2573 501 2616 eodem
536 2571 669 2615 modo
701 2572 756 2615 ad
788 2586 1137 2630 unamquamque
1174 2588 1321 2616 earum
1355 2587 1452 2615 mo-

57 2650 235 2687 vantur
253 2658 266 2685 z
297 2641 369 2685 sed
400 2640 456 2684 ad
487 2639 564 2683 has
593 2640 769 2699 quidam
799 2639 1024 2698 aliquanto
1051 2635 1240 2683 moestius
1269 2650 1315 2683 et
1345 2655 1451 2683 con-

20 2730 23 2736 ·
59 2709 252 2765 trnfflun,
273 2719 323 2754 ut
338 2709 394 2753 ad
411 2723 505 2753 eam
526 2723 622 2766 quae
648 2707 888 2767 myxolidia
917 2708 988 2751 seu
1018 2707 1278 2768 mixtolydia
1304 2708 1452 2766 appel-

59 2777 203 2833 lum-3
230 2779 288 2824 ad
317 2779 412 2823 illas
446 2777 665 2821 mentibus
695 2776 1007 2831 remollescant,
1027 2785 1078 2820 ut
1108 2775 1164 2820 ad
1196 2777 1380 2820 remissas
1409 2784 1454 2822 et

59 2846 215 2894 molles
233 2863 259 2892 τ’
276 2848 332 2894 ad
359 2847 490 2893 aliam
518 2845 729 2893 moderati
754 2845 873 2902 fiant,
893 2845 1166 2904 maximeque
1187 2846 1343 2913 seqati:
1375 2860 1454 2890 cu-

692 2929 724 2959 11
749 2932 778 2960 U
798 2929 823 2962 2
895 2949 899 2954 -
