1898 3308
389 181 473 226 532
677 218 679 221 r
808 168 1330 224 ,AnlsTo‘rEms

389 305 652 348 exponamus
682 299 799 350 quot·
815 291 894 335 fint
914 291 1179 351 judiciorum
1207 306 1382 350 genera,
1409 298 1458 334 ut
1485 291 1534 333 fit
1562 289 1772 349 explicata

379 357 644 416 judiciorum
665 360 852 418 partitio.
911 360 1026 404 Οᾶο
1042 360 1176 419 igitur
1194 360 1291 403 sunt
1299 359 1560 418 judiciorum
1581 373 1740 418 genera
1754 374 1767 400 z
1863 362 1886 398 »i

389 442 525 471 unum
560 428 634 481 est,
671 428 786 486 quod
821 426 874 471 ad
907 428 1156 486 repetendas
1186 427 1368 470 rationes
1398 442 1424 470 a
1455 422 1768 487 magistratibus
1865 455 1885 498 ²3¹-

389 495 600 552 pertinet:
632 496 830 549 akerum,
864 495 982 554 quod
1009 495 1063 538 ad
1094 495 1249 538 deli&a
1276 495 1462 552 publica,
1493 508 1645 553 eaque,
1667 507 1767 552 quae
1863 494 1889 550 ⁴]-

390 562 434 606 in
455 563 646 622 personas
666 563 858 622 publicas
878 563 1028 625 injuste
1047 562 1263 606 commissa
1281 562 1402 605 sunt:
1434 562 1628 615 tertium,
1646 561 1768 621 quod
1870 500 1891 615 ὲ

388 631 444 675 ad
464 643 638 690 peccata
665 633 710 675 in
740 631 983 690 reipublicae
1003 632 1181 675 statum:
1213 640 1427 689 quartum,
1449 630 1503 674 de
1518 628 1766 684 ,contrm'r‘er-
1870 677 1887 682 a,

389 699 456 742 fiis
491 708 536 744 et
568 701 889 760 magistratuum
925 709 970 743 et
1004 699 1277 758 privatorum,
1314 714 1414 742 cum
1447 699 1687 761 ambigunt
1706 698 1768 742 de
1870 695 1898 758 {E}

353 786 359 792 ·
388 767 620 811 multarum
659 767 1017 826 irrogationibus:
1066 767 1281 825 quintum,
1320 766 1376 809 de
1414 764 1590 824 privatin
1615 772 1764 822 &atum
1871 759 1898 824 r}

387 851 638 894 magnarum
671 837 976 889 eontraffibus,
1009 844 1054 880 et
1085 845 1287 894 praeterea
1313 835 1368 878 de
1400 834 1627 898 caedibus,
1634 837 1686 883 et
1710 833 1767 883 de
1884 851 1898 906 ·1

388 904 641 948 criminibus
660 904 772 948 inter
792 904 971 957 fica1ios,
992 914 1036 947 et
1054 903 1108 947 de
1133 904 1260 947 rebus
1288 903 1536 962 peregrinis.
1589 893 1766 957 Mssefi-

388 972 551 1014 ciorum
586 981 731 1015 autem
760 971 814 1015 ad
845 972 984 1015 caedes
1013 970 1315 1030 pertinentium
1343 985 1516 1029 genera,
1539 963 1647 1015 five*
1637 969 1765 1028 apud

388 1039 558 1082 eosdem
584 1039 757 1105 judices
795 1055 861 1083 res
899 1049 1067 1098 agatur,
1102 1038 1182 1082 five
1220 1038 1331 1096 apud
1369 1037 1503 1082 alios:
1549 1037 1633 1081 alia
1667 1038 1765 1085 sunt

385 1105 534 1164 sponte
564 1118 610 1150 et
639 1108 831 1151 consulto
860 1107 1046 1159 admifl'a,
1074 1107 1156 1149 alia
1181 1105 1420 1149 inconsulto
1445 1114 1573 1164 atque
1602 1104 1762 1149 invites

385 1182 431 1218 et
458 1175 542 1218 alia
570 1177 865 1219 conceduntur
884 1176 957 1218 illa
968 1175 1168 1238 quidem,
1189 1184 1233 1217 et
1260 1174 1315 1217 de
1341 1168 1466 1218 ῐαὸὶο
1474 1173 1635 1218 constat
1653 1173 1765 1218 inter

385 1257 459 1285 eos
489 1244 570 1301 qui
591 1244 779 1302 litigant,
800 1243 871 1287 sed
899 1244 952 1286 de
976 1243 1074 1302 jure
1093 1243 1351 1301 ambigitur:
1379 1251 1579 1300 quartum
1596 1239 1760 1289 malefi-

387 1311 500 1354 cium
521 1313 593 1365 est,
615 1313 737 1370 cujus
757 1313 918 1356 crimen
939 1312 990 1355 iis
1010 1311 1204 1364 infertur,
1225 1311 1297 1370 qni
1318 1312 1374 1354 ob
1395 1309 1555 1355 caedem
1576 1325 1662 1366 non
1684 1325 1763 1363 vo-

384 1378 610 1423 luntariam
632 1381 890 1431 exsulabant,
913 1381 967 1422 ab
988 1380 1149 1423 exsulio
1177 1380 1399 1432 revocatis,
1418 1387 1469 1423 ut
1487 1378 1636 1437 capitis
1657 1393 1761 1423 cau-

385 1447 470 1490 sam
503 1448 723 1507 dicerent:
756 1448 880 1506 quale
910 1447 1065 1490 dicitur
1095 1446 1280 1490 Athenis
1308 1447 1387 1490 effe
1415 1446 1543 1489 etiam
1572 1446 1618 1491 id
1638 1446 1760 1504 judi-

269 1527 366 1581 174
386 1516 499 1561 cium
536 1516 652 1576 quod
683 1523 902 1559 exercetur
934 1516 978 1558 in
1013 1515 1280 1558 Phreattone.
1339 1514 1425 1558 Sed
1457 1515 1558 1558 talia
1590 1514 1685 1558 haec
1717 1514 1760 1558 in

383 1584 502 1627 omni
523 1585 757 1627 aeternitate
777 1599 913 1642 pauca
931 1583 1147 1635 eveniunt,
1168 1598 1301 1641 eaque
1322 1582 1365 1625 in
1384 1583 1553 1641 magnis
1574 1582 1759 1626 civitati·

380 1653 475 1696 bus.
534 1654 562 1696 J
566 1653 801 1696 udiciorum
829 1661 972 1696 autem
994 1667 1139 1695 eorum
1161 1667 1258 1710 quae
1278 1652 1333 1695 ad
1353 1667 1421 1695 res
1439 1651 1758 1711 peregrinorum

379 1721 611 1778 pertinent,
631 1736 763 1764 unum
785 1735 922 1779 genus
942 1721 1014 1773 est,
1035 1735 1121 1777 quo
1138 1720 1385 1779 peregrinus
1407 1735 1506 1763 oum
1537 1720 1762 1778 peregrino

378 1788 551 1847 litigat:
583 1789 781 1841 alterum,
812 1802 900 1846 quo
928 1789 1177 1846 peregrinus
1206 1803 1306 1831 cum
1326 1788 1436 1832 cive.
1493 1789 1645 1831 Praeter
1665 1788 1759 1832 haeo

379 1856 523 1899 omnia
556 1865 698 1899 autem
731 1856 827 1899 sunt
857 1866 901 1898 et
926 1856 1090 1914 judicia
1122 1856 1176 1898 de
1208 1856 1344 1913 parvis
1373 1855 1674 1910 contra&ibus,
1703 1858 1758 1900 ab

377 1938 463 1967 una
482 1924 685 1967 drachma
704 1924 835 1981 usque
857 1923 911 1966 ad
930 1923 1136 1981 quinque,
1157 1932 1199 1966 et
1220 1924 1347 1980 paulo
1366 1923 1571 1982 amplius,
1618 1924 1761 1983 Opor-

379 2000 444 2034 tet
460 1992 576 2034 enim
593 1992 721 2034 etiam
744 1991 798 2034 de
818 1990 1103 2049 hisjudicari:
1137 2006 1274 2048 neque
1288 1996 1429 2034 tamen
1445 1991 1601 2034 cadunt
1621 1992 1664 2034 in
1678 1992 1755 2050 ju-

377 2058 524 2101 dicum
555 2059 892 2101 multitudinem.
953 2058 1037 2100 Sed
1056 2058 1108 2101 de
1129 2059 1196 2100 his
1222 2059 1394 2115 quidem
1416 2058 1608 2116 judiciis,
1629 2069 1673 2102 et
1703 2060 1756 2102 de

375 2126 427 2169 iis
448 2142 544 2184 quae
578 2127 629 2169 ad
659 2127 821 2169 caedem
852 2125 1079 2184 pertinent,
1102 2134 1145 2168 et
1165 2126 1217 2168 de
1238 2127 1557 2184 peregrinorum
1585 2136 1756 2182 contro·

340 2187 343 2190 ’
375 2195 515 2238 verfiis
533 2195 745 2252 disputare
764 2194 1039 2236 omittamus:
1071 2195 1125 2236 de
1146 2195 1338 2237 civilibus
1357 2210 1456 2248 vero
1474 2195 1682 2249 dicamus,
1702 2196 1756 2239 de

375 2263 550 2320 quibus,
587 2278 685 2306 cum
719 2277 856 2319 neque
885 2260 1013 2314 reete,
1046 2277 1183 2318 neque
1213 2262 1360 2305 ordine
1389 2263 1509 2315 fiunt,
1531 2263 1755 2307 seditiones

374 2330 628 2382 excitantur,
649 2339 694 2373 et
715 2345 767 2372 ex
786 2329 934 2372 iisdem
964 2329 1204 2386 reipublicae
1230 2329 1637 2373 administrationum
1658 2346 1753 2374 mo·

374 2394 444 2441 tus
474 2413 522 2440 ac
555 2398 913 2441 commutationes
944 2397 1154 2441 oriuntur.
1212 2398 1390 2440 Neceffe
1420 2406 1562 2443 autem
1595 2399 1652 2442 est
1672 2408 1755 2444 aut

371 2481 523 2508 omnes
558 2465 612 2509 de
646 2466 847 2507 omnibus
883 2465 984 2517 illis,
1020 2480 1115 2522 quae
1151 2465 1271 2521 supra
1305 2464 1495 2508 distinete
1525 2474 1570 2508 et
1603 2467 1755 2524 partite

372 2525 618 2576 enumerata
640 2533 749 2584 sunt,
764 2532 971 2591 judicare,
994 2532 1059 2574 vel
1084 2532 1280 2589 suffragio
1301 2533 1366 2575 vel
1387 2532 1522 2576 sorte:
1555 2542 1629 2576 aut
1656 2549 1751 2578 om·

373 2616 449 2644 nes
479 2601 533 2643 de
563 2601 764 2643 omnibus
785 2601 936 2658 partim
967 2600 1199 2652 sortitione,
1230 2600 1382 2657 partim
1412 2600 1648 2648 ele&ione:
1679 2613 1752 2647 aut

373 2670 428 2713 de
463 2669 676 2727 aliquibus
710 2669 872 2721 iisdem,
908 2669 1013 2711 alios
1051 2669 1197 2711 sortito
1231 2668 1380 2721 facios,
1414 2669 1518 2712 alios
1556 2669 1753 2732 suffragio

374 2746 537 2780 creatos
558 2747 686 2794 atque
706 2737 879 2779 decios.
940 2737 1048 2778 Sunt
1069 2737 1201 2793 igitur
1226 2737 1272 2779 hi
1306 2737 1423 2779 modi
1449 2753 1627 2781 numero
1645 2755 1752 2797 qua-

374 2815 485 2849 tuor.
544 2806 747 2850 Totidem
778 2814 920 2848 autem
944 2805 1038 2848 sunt
1058 2804 1195 2858 alteri,
1217 2813 1262 2848 et
1280 2804 1310 2847 ii
1332 2804 1407 2863 qui
1426 2805 1520 2849 sunt
1542 2821 1592 2850 ex
1618 2818 1751 2865 parte.
