1898 3308
467 206 552 261 45⁸
905 197 1402 256 Amsrorssms

462 338 723 386 utrumque:
755 332 947 387 quamvis
967 333 1102 410 specie
1119 334 1281 377 differat
1305 333 1602 392 temperantia
1611 340 1656 376 et
1674 332 1839 392 Juflitia.

456 394 556 450 *ejus
576 397 650 454 qui
673 399 828 453 praeest,
857 402 1037 458 propria,
1060 416 1083 443 a
1104 402 1379 457 temperantia
1408 410 1449 444 et
1474 400 1634 459 justitia
1652 400 1743 459 'ejtis
1750 399 1834 458 'qui

465 471 583 519 paret
604 465 796 523 imperio.
856 468 958 526 Ejus
978 467 1092 511 enim
1120 469 1191 527 qui
1223 469 1296 512 sub
1330 469 1508 527 imperio
1536 469 1608 521 est,
1637 470 1707 511 'et
1717 467 1833 511 idem

462 530 614 583 liber,
605 548 644 574 1n
668 523 865 592 promptu
886 537 942 578 est
962 552 1044 579 non
1075 537 1185 594 poffe
1214 538 1294 579 effe
1324 552 1452 580 unam
1471 537 1549 579 viri
1570 536 1672 579 boni
1700 534 1831 578 virtu-

462 607 578 666 tem3
609 601 723 643 verbi
756 604 909 659 gratia,
936 603 1167 662 justitiam:
1200 605 1267 647 sed
1299 619 1392 648 eam
1427 604 1533 648 duas
1563 603 1733 647 formas*
1755 603 1832 660 ba-

462 667 574 720 bere,
597 683 648 711 ex
669 671 824 726 quibus
846 672 1087 728 imperabit,
1109 683 1152 715 et
1171 672 1348 730 imperio
1377 667 1551 729 parebit.
1608 670 1831 729 Quemad-

459 735 635 778 modum
659 737 732 779 viri
763 749 806 780 et
838 739 1025 782 mulieris
1050 739 1210 783 diversa
1240 739 1519 797 temperantia
1547 747 1592 781 et
1622 734 1835 780 fortitudo

458 803 532 844 est.
593 803 672 846 Vir
700 804 812 846 enim
849 805 1135 862 ignavus'effe
1165 807 1371 858 videatur,
1401 806 1426 848 fi
1457 806 1504 849 fit
1532 806 1592 849 ita
1619 804 1757 857 fortis,
1783 813 1833 847 ut

458 870 680 913 mulierem
713 871 862 914 fortem
895 873 973 916 effe
1006 874 1159 916 decet:
1191 884 1234 917 et
1262 875 1417 918 mulier
1446 874 1616 932 loquax,
1637 873 1669 916 fi'
1694 873 1743 915 fit
1771 873 1831 915 ita

457 943 696 993 temperans
729 947 772 980 et
804 939 1002 991 modesta,
1023 949 1072 982 ut
1103 940 1163 982 vir
1191 940 1227 982 is
1256 940 1329 997 qui
1358 942 1496 983 bonus
1519 940 1589 982 est.
1647 938 1762 982 Nam
1785 946 1829 981 et

456 1003 760 1047 administratio
778 1007 837 1048 rei
857 1006 1076 1050 familiaris
1095 1007 1176 1050 alia
1194 1008 1250 1050 est
1270 1007 1362 1059 viri,
1383 1007 1465 1049 alia
1489 1006 1651 1056 uxoris.
1704 1005 1828 1049 {llius

455 1071 571 1114 enim
593 1088 749 1116 munus
770 1074 825 1116 est
845 1090 1049 1133 quaerere,
1072 1075 1196 1133 hujus
1218 1075 1438 1118 custodire.
1496 1074 1724 1118 Prudentia
1747 1089 1826 1117 au-

454 1146 541 1190 tem
574 1140 665 1198 ejus
691 1141 765 1198 qui
797 1143 954 1199 praeest,
976 1142 1060 1184 sola
1079 1143 1210 1185 virtus
1232 1142 1396 1200 propria
1423 1141 1492 1185 est.
1550 1132 1675 1184 Alias
1693 1141 1825 1194 enim,

441 1216 502 1249 »ut
530 1218 714 1265 apparet,
736 1208 894 1252 necesse
914 1210 970 1251 est
990 1209 1069 1252 effe
1089 1224 1337 1259 communes
1357 1219 1402 1252 et
1421 1209 1597 1267 imperio
1616 1207 1824 1268 sub'jefio-

453 1290 549 1318 rum
580 1286 623 1319 et
652 1277 963 1335 imperantium.
1022 1277 1125 1335 Ejus
1155 1286 1299 1321 autern
1332 1278 1404 1336 qui
1437 1278 1512 1320 sub
1541 1277 1720 1336 imperio
1753 1278 1825 1331 est,

369 1349 437 1404 93
456 1343 586 1386 virtus
617 1360 704 1387 non
735 1346 792 1387 est
823 1345 1063 1402 prudentia,
1083 1345 1153 1388 sed
1183 1346 1328 1403 opinio
1359 1361 1470 1388 vera.
1529 1346 1645 1389 Nam
1671 1346 1747 1404 qui
1768 1347 1824 1389 est

452 1412 528 1454 sub
562 1413 755 1470 imperio,
794 1414 851 1455 est
885 1421 1087 1470 tanquam
1122 1413 1319 1456 tibiarum
1360 1413 1528 1471 opifex:
1567 1412 1642 1470 qui
1680 1414 1825 1471 praeest

450 1488 610 1531 autem,
633 1490 833 1538 tanquam
855 1480 1031 1532 tibicen,
1053 1481 1126 1538 qui
1146 1481 1263 1523 tibiis
1293 1482 1442 1525 utitur.
1502 1483 1663 1525 Utrum'
1692 1483 1826 1540 igitur

448 1547 596 1590 eadem
620 1548 667 1590 fit
689 1549 818 1591 virtus
837 1549 936 1591 boni
969 1549 1045 1590 viri
1075 1557 1118 1590 et
1146 1549 1245 1590 boni
1269 1549 1390 1601 civis,
1411 1564 1464 1591 an
1484 1549 1566 1592 alia
1586 1558 1632 1593 et
1650 1549 1823 1602 diversa,

448 1626 493 1659 et
510 1618 726 1675 quomodo
746 1619 793 1662 fit
812 1619 958 1662 eadem
990 1626 1034 1662 et
1064 1618 1283 1678 quomodo
1302 1618 1475 1674 diversa,
1495 1618 1547 1663 ex
1568 1619 1637 1663 his
1656 1634 1821 1680 cogno-

449 1684 562 1729 scere
583 1687 702 1730 licet.

1030 1842 1232 1866 ⁴...-

1007 1962 1158 2005 CAP.
1203 1963 1259 2004 V.

765 2074 846 2132 Qui
866 2074 969 2117 cives
986 2074 1304 2132 imperfefz‘isint,
1324 2071 1499 2131 ostendit.

498 2165 611 2206 SED
631 2164 747 2221 quod
777 2164 830 2206 ad
860 2165 996 2207 civem
1018 2165 1186 2218 attinet,
1208 2164 1420 2207 dubitatio
1438 2163 1633 2222 quaedam
1653 2163 1819 2222 reliqua

441 2232 512 2284 est,
534 2242 672 2273 utrum
704 2246 846 2274 revera
865 2232 968 2274 civis
989 2232 1051 2284 fit,
1073 2233 1147 2290 qui
1169 2232 1455 2290 magistratum
1487 2241 1635 2288 capere
1667 2231 1814 2289 potest,

439 2313 493 2340 an
515 2299 641 2341 etiam
665 2299 693 2341 ii
714 2299 787 2356 qui
809 2309 918 2341 artes
938 2298 1163 2342 illiberales
1192 2310 1234 2342 et
1263 2299 1449 2342 sordidas
1469 2307 1680 2351 exercent,
1700 2298 1813 2341 cives

440 2367 688 2408 numerandi
711 2368 801 2410 sint,
863 2367 906 2409 Si
937 2367 1069 2424 igitur
1087 2366 1216 2410 etiam
1238 2367 1266 2409 ii
1288 2367 1362 2424 qui
1383 2367 1592 2409 honorum
1613 2380 1697 2409 non
1719 2365 1814 2409 sunt

437 2435 680 2492 participes,
701 2435 814 2477 cives
841 2435 1091 2477 numerandi
1112 2435 1221 2487 sunt,
1246 2435 1331 2476 fieri
1361 2449 1444 2476 non
1476 2435 1607 2492 potest
1636 2442 1686 2476 ut
1716 2448 1812 2476 om-

438 2503 555 2544 nium
577 2502 732 2544 civium
756 2503 852 2550 talis
873 2503 920 2544 fit
943 2504 1072 2546 virtus
1095 2520 1105 2545 =
1138 2503 1210 2545 hic
1239 2502 1354 2544 enim
1376 2501 1481 2544 civis
1502 2502 1573 2544 est.
1633 2501 1707 2544 Sin
1729 2501 1810 2543 ho-

435 2583 530 2611 rum
566 2568 710 2611 nullus
744 2569 850 2611 civis
883 2570 968 2611 est:
1000 2584 1087 2627 quo
1121 2569 1162 2611 in
1200 2569 1318 2619 loco,
1347 2581 1521 2626 quoque
1553 2568 1597 2610 in
1631 2568 1811 2610 numero

434 2637 628 2697 quisquq„
651 2637 857 2679 locandus
894 2638 950 2679 est
968 2639 981 2679 ?
1035 2638 1190 2694 Neque
1229 2636 1343 2678 enim
1385 2635 1635 2693 inquilinus,
1673 2650 1812 2693 neque

433 2696 682 2762 peregrinus
702 2705 773 2746 est.
834 2704 904 2746 An
927 2713 1095 2762 propter
1124 2705 1234 2747 hanc
1262 2703 1468 2745 rationem
1491 2702 1599 2745 nihil
1619 2701 1717 2744 inde
1736 2703 1811 2745 ab-

433 2771 544 2814 surdi
564 2772 674 2814 effici
697 2771 919 2814 dicemus?
954 2773 1068 2814 Nam
1091 2786 1228 2829 neque
1245 2771 1348 2813 servi
1369 2784 1508 2828 neque
1527 2770 1668 2813 liberti
1687 2769 1809 2827 quic-

433 2854 563 2898 quam
595 2854 744 2882 eorum
773 2854 870 2896 quae
901 2838 1103 2891 diximus,
1124 2838 1233 2882 sunt.
1294 2838 1393 2881 Hoc
1419 2837 1536 2880 enim
1569 2851 1714 2880 verum
1734 2837 1814 2890 est,-
