1898 3308
16 315 35 357 1]

7 845 42 1027 *far-³23⁴*
8 723 49 751 ζ’,
11 496 50 679 '21543425‘2

426 176 520 220 DE
561 176 988 221 REPUBLICA
1030 178 1133 220 vn.
1170 187 1235 233 17.
1447 175 1529 233 647

134 296 282 344 vimara
309 299 456 343 omnia
484 299 543 343 ita
575 299 734 343 debent
763 300 843 343 effe
875 299 1111 357 incognita,
1133 299 1245 358 quasi
1278 299 1530 358 peregrina:

131 374 227 411 mm
256 381 310 410 ea
338 367 541 421 maxime,
563 368 606 411 in
627 367 788 426 quibus
815 367 918 410 inest
950 364 1015 410 vel
1047 367 1285 424 turpitudo,
1309 367 1374 410 vel
1395 367 1531 410 animi

107 433 317 478 offensio.
377 435 519 478 Annis
547 445 691 479 autem
720 435 915 494 quinque
933 434 1111 487 exaEtis,
1132 434 1374 487 biennium,
1395 437 1528 493 usque

130 501 185 546 ad
204 517 365 546 annum
385 503 614 561 septimum
638 503 902 557 confeEtum‚
924 503 1086 546 debent
1098 501 1191 561 jam
1211 502 1527 559 disciplinarum

130 585 277 614 earum
293 586 400 629 quas
419 587 494 615 eos
521 573 682 616 discere
711 572 944 630 oportebit,
968 571 1056 614 fieri
1087 571 1353 629 spe&atores.
1413 574 1529 616 Duae

130 654 257 698 porro
277 641 375 684 sunt
397 650 559 693 aetates,
583 642 636 684 ad
667 657 773 700 quas
805 641 1031 684 necefl'ario
1062 639 1270 683 institutio
1300 640 1530 685 dividenda

129 708 187 751 est
205 725 216 752 ε
248 708 380 752 altera
399 710 454 752 ab
473 725 586 753 anno
614 710 793 767 septimo
814 709 866 752 ad
887 710 1174 767 pubertatem,
1195 708 1327 752 altera
1345 710 1484 752 rursus
1504 725 1529 753 a

129 777 354 835 pubertate
374 779 508 837 usque
529 779 582 822 ad
604 779 791 836 primum
823 789 866 822 et
899 778 1140 821 vicesimum
1170 792 1348 828 annum.
1408 779 1527 821 Nam

129 846 204 904 qui
227 855 377 890 aetates
405 862 480 905 per
509 847 800 891 hebdomadas
830 847 1100 905 partiuntur;
1131 862 1332 904 magnam
1362 855 1526 904 partem

127 929 212 958 non
234 915 348 959 reae
367 915 535 959 dicunt.
583 917 811 975 Sequenda
833 932 930 959 vero
951 925 1112 959 naturae
1132 915 1278 958 divifio
1297 916 1369 959 est.
1415 916 1528 960 Vult

125 983 242 1027 enim
272 985 413 1027 omnis
441 1000 508 1028 ars
540 985 763 1043 omnisque
791 985 986 1027 do&rina
1006 984 1050 1027 id
1072 984 1190 1042 quod
1211 994 1372 1027 naturae
1393 986 1524 1038 deest,

125 1052 334 1110 supplere.
399 1053 585 1096 Primum
608 1053 742 1111 igitur
760 1053 991 1096 videndum
1012 1054 1084 1105 est,
1105 1053 1207 1096 fitne
1228 1053 1272 1095 in
1293 1068 1520 1111 puerorum
1537 1061 1642 1103 304

126 1120 391 1165 institutione
423 1121 567 1180 aliqua
594 1123 756 1165 ordinis
788 1122 1014 1181 descriptio
1046 1122 1315 1166 adhibenda:
1347 1123 1520 1178 deinde,

125 1201 271 1235 utrum
300 1207 448 1236 eorum
481 1193 756 1236 institutionis
783 1193 1043 1251 procuratio,
1074 1191 1246 1250 publica
1275 1207 1328 1235 an
1361 1192 1523 1250 privata

126 1259 209 1304 effe
229 1260 401 1316 debeat,
420 1275 498 1320 pro
526 1261 729 1321 cujusque
764 1261 942 1304 arbitrio
973 1270 1018 1303 et
1048 1260 1207 1303 modo:
1241 1261 1359 1318 quod
1388 1262 1521 1306 etiam

120 1343 240 1373 nunc
270 1330 312 1372 in
343 1326 555 1389 pleriffiue
582 1330 829 1375 civitatibus
851 1330 940 1373 fieri
961 1329 1095 1373 solet:
1130 1329 1256 1373 tertio
1276 1330 1388 1384 loco,
1412 1346 1518 1390 qua-

124 1396 210 1441 lem
231 1397 312 1443 effe
332 1402 543 1458 oporteat.
