1898 3308
130 600 146 621 ,ι
427 524 429 526 ·
495 507 1135 582 ARISTOTELIS

411 682 554 755 DE
625 680 1220 758 REPUBLICA

589 855 749 896 LIBER
778 855 1043 899 QUANTUS.

645 1066 1009 1092 ψ*

697 1265 850 1310 CAP.
879 1239 939 1310 Ἰ.

269 1380 424 1440 Quibus
443 1397 493 1430 ex
511 1379 851 1440 cazfisfiditiones
872 1380 913 1423 in
933 1379 1149 1440 Republica
1169 1374 1364 1425 oriantur.

121 1458 236 1533 DE
253 1487 349 1549 aliis
367 1488 502 1548 igitur
519 1489 665 1543 rebus,
688 1489 742 1532 de
761 1488 919 1547 quibus
950 1487 1160 1546 disputare
1189 1490 1421 1533 confilium·
1442 1504 1510 1534 ce·

121 1557 281 1616 pimus,
304 1557 392 1601 fere
426 1557 630 1601 omnibus
658 1557 861 1602 diximus.
924 1558 1097 1601 Quibus
1126 1567 1272 1602 autem
1301 1574 1353 1602 ex
1385 1559 1516 1603 caufis

121 1626 371 1685 reipublicae
391 1626 747 1670 'administrandae
780 1626 930 1669 formae
961 1635 1197 1680 mutentur,
1225 1637 1269 1670 et
1299 1643 1351 1671 ex
1383 1643 1516 1688 quam

122 1696 273 1741 multis
305 1706 349 1740 et
378 1697 578 1756 qualibus
614 1697 695 1740 fint
732 1695 936 1756 cujusque
967 1697 1214 1754 reipublicae
1249 1697 1515 1740 administra·-

122 1765 256 1810 tionis
277 1766 411 1824 pestes
430 1774 560 1823 atque
579 1764 844 1808 interitiones
863 1781 874 1808 ε
906 1774 951 1808 et
972 1780 1022 1808 ex
1045 1766 1242 1824 qualibus
1268 1766 1517 1823 reipublicae

122 1833 463 1877 administrandae
482 1833 631 1876 formis
651 1833 693 1875 in
716 1833 863 1891 quales
891 1832 1228 1876 administrandae
1257 1833 1413 1876 formas
1444 1834 1518 1878 fiat

122 1902 369 1946 conversio:
401 1911 601 1961 praeterea
630 1917 728 1959 quae
747 1917 814 1944 res
836 1901 914 1944 fint
933 1910 977 1944 et
995 1903 1286 1945 communiter
1311 1903 1516 1947 omnibus

122 1970 367 2022 etseorsum
390 1971 566 2030 fingtilis
585 1971 809 2014 salutares:
842 1981 1048 2028 praeterea
1067 1986 1168 2014 vero
1188 1971 1346 2030 quibus
1375 1973 1514 2015 maxi-

122 2053 194 2084 me
223 2040 354 2084 rebus
384 2055 657 2099 unaquaeque
684 2039 920 2096 respublica
955 2039 1189 2083 conservari
1226 2042 1363 2099 poffit,
1391 2041 1516 2085 dein-

121 2123 222 2167 ceps
241 2109 329 2167 post
349 2108 436 2162 illa,
457 2124 557 2167 quae
577 2110 698 2166 supra
726 2108 840 2151 dicia
866 2107 976 2161 sunt,
997 2108 1364 2154 confidet-andum.
1426 2111 1515 2154 Pri-

121 2192 243 2221 mum
274 2187 420 2221 autem
449 2177 682 2220 existimare
709 2185 896 2235 oportet,
925 2177 1083 2220 multas
1114 2178 1241 2221 initio
1268 2179 1516 2237 reipublicae

119 2245 456 2290 administrandae
476 2245 636 2289 formas
666 2245 861 2298 extitisse,
887 2261 986 2289 cum
1018 2246 1130 2289 inter
1157 2262 1309 2291 omnes
1338 2249 1514 2307 quidem

121 2315 364 2368 conveniat,
382 2315 427 2358 id
449 2315 567 2373 quod
579 2314 759 2372 justum,
775 2314 907 2372 idque
922 2315 1039 2372 quod
1059 2316 1332 2372 proportione
1351 2318 1517 2376 aequale

120 2385 195 2438 est,
227 2384 317 2428 effe·
341 2384 649 2442 speetandum:
682 2383 754 2426 sed
784 2383 839 2425 ab
871 2383 956 2425 h‘oc
989 2384 1201 2437 aberrent,
1233 2380 1515 2444 queniadmo-

69 2483 78 2490 2
120 2452 226 2496 dum
261 2461 307 2496 et
335 2452 450 2510 prius
468 2451 646 2494 'dicium
679 2451 751 2494 est.
810 2451 1088 2494 Democratia
1116 2453 1232 2495 enim
1263 2462 1358 2496 orta
1383 2469 1437 2497 ex
1463 2470 1516 2498 eo

121 2521 195 2574 est,
223 2520 341 2579 quod
365 2519 442 2578 qui
469 2519 621 2578 quavis
649 2533 695 2562 re
725 2534 844 2577 pares
875 2518 1022 2572 effent,
1046 2519 1087 2563 se
1119 2519 1365 2579 simpliciter
1392 2537 1516 2580 pares

119 2589 203 2632 effe
220 2589 520 2632 existimarent.
581 2589 698 2631 Nam
730 2586 833 2645 quia
863 2587 1052 2631 fimiliter
1076 2588 1200 2631 liberi
1221 2590 1333 2644 sunt,
1353 2591 1394 2634 se
1415 2592 1514 2641 fim-

120 2656 294 2716 pliciter
326 2656 514 2716 aequales
548 2656 630 2699 effe
667 2664 837 2715 putant.
897 2656 1153 2714 Oligarchia
1186 2667 1330 2701 autem
1372 2675 1426 2703 ex
1464 2677 1517 2705 eo

121 2733 221 2770 nata
238 2726 311 2779 est,
332 2726 450 2786 quod
472 2724 548 2784 qui
568 2724 667 2771 sunt
691 2737 777 2768 una
803 2723 947 2781 aliqua
976 2739 1022 2768 re
1053 2725 1285 2784 inaequales
1316 2736 1362 2771 et
1389 2730 1513 2788 supe-

120 2792 266 2848 riores,
285 2793 328 2838 se
356 2794 532 2838 omnino
563 2793 796 2852 inaequales
823 2793 904 2836 effe
933 2803 1103 2852 putant.
1164 2795 1283 2840 Quia
1301 2796 1417 2839 enim
1438 2812 1514 2840 co-

121 2860 204 2921 piis
219 2862 282 2906 rei
299 2861 519 2907 familiaris
540 2862 648 2906 alios
667 2861 879 2920 superant,
900 2862 1057 2907 iccirco
1076 2863 1117 2906 se
1138 2864 1381 2923 {impliciter
1407 2866 1515 2910 inae-

750 2943 788 2975 u
811 2944 856 2974 m
871 2942 902 2986 4

1532 526 1628 577 177
