1898 3308
0 0 106 113 r<

82 274 112 321 fi
194 272 287 351 ffl
299 273 442 334 1¹39th
466 271 715 350 superiores.
775 269 1018 314 Seditiones
1041 269 1171 312 etiam
1192 268 1390 312 oriuntur
1408 269 1477 312 in

210 330 287 400 ⁴[¹'
273 356 326 385 m
338 340 582 393 civitatibus
610 339 744 384 etiam
771 338 826 382 de
853 338 962 382 locis
991 353 1040 381 ac
1070 336 1256 388 sedibus,
1275 352 1376 380 cum
1407 337 1478 380 soa

112 408 118 418 ‘
153 400 177 417 Τ
202 409 258 466 ad
282 402 330 464 id
360 417 422 454 -ut
445 409 493 452 fit
522 425 606 452 una
626 407 791 460 civitas,
812 418 898 450 non
921 407 976 450 est
998 406 1373 452 accommodatum
1398 422 1478 449 na-

84 486 219 535 tutu
241 484 291 523 ut
308 475 584 531 Clazomenis
614 477 726 520 inter
755 487 834 519 eos
859 475 936 534 qui
967 474 1180 532 Chytrum
1214 473 1476 528 incolebant,
1497 481 1594 522 185

85 547 132 592 'ek
149 532 393 594 insulanos.
423 554 470 589 et
489 545 746 604 Colophone
776 543 886 587 inter
907 540 1202 600 Colophonios
1223 552 1266 584 et
1287 544 1330 584 N
1335 554 1476 585 ouen

79 613 179 674 (Β
223 608 477 675 Quinetiam
501 613 686 679 Athenis
706 627 790 658 non
814 612 1003 654 similiter
1031 611 1129 654 sunt
1159 625 1310 652 omnes
1339 615 1478 667 popu-⁴

8 688 9 691 ’
87 677 230 747 laren,
232 666 311 734 sed
323 678 464 743 magis
484 682 623 726 sunt
613 683 643 725 ii
674 681 748 741 qui
779 681 821 724 in
850 681 984 724 Piraeo
1016 678 1230 733 habitant,
1254 695 1385 739 quam
1404 680 1483 738 qui

0 745 8 791 ὲ
87 751 132 797 in
138 747 305 810 utba
327 751 718 804 Quemadmodum
741 749 855 793 enim
879 750 922 792 in
946 749 1069 793 bellis
1098 765 1149 793 ac
1178 747 1338 807 praelus
1360 749 1481 792 cioa-

219 827 310 886 stt
316 816 514 888 fpffarum
542 819 606 864 vel
635 819 909 862 minimarum
933 819 1126 863 tranfitus
1145 818 1313 862 ordines
1334 818 1480 861 distraf-

85 885 218 946 ὴιιιιι
223 903 291 945 ao
305 875 548 945 dsvellunt:
581 886 634 932 fic
667 889 810 932 omnis
840 887 1137 931 diffimilitudo
1167 903 1217 931 ac
1252 887 1483 941 diverfitas,

89 937 337 1013 diffiditur]
323 971 374 1002 ac
393 956 646 1000 discordiam
676 972 820 1015 parere
850 956 1032 1000 videtur.
1094 957 1161 1001 Ac
1190 955 1377 999 maxima
1396 955 1485 999 for-

89 1024 192 1086 taffe
210 1016 401 1069 diffenfio
419 1035 462 1068 et
482 1025 688 1081 discordia
708 1026 764 1067 est
786 1040 838 1068 ea
856 1040 951 1082 quae
970 1025 1028 1068 est
1046 1024 1194 1068 virtuti
1213 1039 1315 1068 cum
1346 1024 1484 1067 vitio·

0 1150 7 1154 .,
90 1093 299 1153 proxima,
333 1093 579 1138 divitiarum
615 1102 660 1136 et
695 1093 979 1151 paupertatis:
1007 1102 1065 1136 ‘et
1097 1091 1160 1136 ita
1191 1092 1353 1135 scilicet
1384 1092 1485 1146 alia,

72 1177 223 1222 ‘quam
254 1161 355 1216 alia,
374 1162 508 1222 major
539 1161 727 1206 diffenfio
748 1155 831 1205 est:
864 1176 1045 1220 quarum
1077 1161 1207 1205 etiam
1237 1176 1322 1205 una
1351 1162 1409 1204 est
1435 1175 1486 1205 ea

11 1232 13 1234 ’
93 1247 193 1293 quae
211 1247 237 1275 a
253 1230 377 1276 nobis
395 1231 508 1276 dieta
529 1232 603 1275 est.

407 150 505 194 DE
548 145 978 197 REPUBLICA
1019 146 1078 189 V.
1109 160 1154 201 4.
1386 155 1470 204 543

666 1347 877 1370 ,ᾧ

644 1442 683 1501 c
699 1442 739 1486 A
759 1443 804 1486 P.
851 1441 930 1486 ιν.

97 1553 312 1599 seditiones
332 1570 409 1600 non
428 1555 477 1600 de
490 1556 651 1621 parvis,
659 1557 741 1616 sed
757 1573 805 1599 ex
819 1555 966 1615 parvis
995 1556 1126 1610 rebus,
1146 1554 1282 1599 multis
1301 1555 1489 1616 exemplis

735 1628 859 1670 docet.

154 1717 478 1773 ORIUNTUR
507 1720 644 1779 igitur
670 1719 897 1763 feditiones
917 1734 1003 1763 non
1025 1719 1080 1762 de
1099 1718 1234 1777 parvis
1252 1718 1398 1772 rebus,
1419 1718 1495 1762 sed·

98 1798 152 1831 ex
172 1786 340 1848 parvis:
371 1788 568 1833 diffident
586 1789 720 1840 enim,
749 1797 793 1832 et
825 1788 1052 1832 seditiones
1078 1789 1267 1832 excitant
1293 1788 1495 1832 homines

97 1854 154 1900 de
182 1856 312 1899 rebus
341 1857 540 1917 magnis:
579 1858 766 1900 maxime
801 1866 945 1900 tamen
982 1871 1098 1899 acres
1133 1865 1177 1899 et
1209 1857 1360 1900 validae
1395 1857 1498 1900 sunt-

100 1923 230 1972 etiam
250 1939 405 1985 parvae,
424 1940 523 1968 curn
546 1925 590 1968 in
611 1925 663 1968 iis
683 1925 726 1967 in
747 1940 931 1982 quorum
962 1924 1257 1978 moderatione
1287 1925 1494 1984 respubli-

100 2006 153 2037 ca
178 1992 368 2046 vertitur,
388 1993 611 2038 exfistunt:
643 1993 879 2051 cujusmodi
909 2008 977 2036 res
1008 1993 1112 2036 olim
1142 1993 1300 2036 accidit
1333 1993 1493 2052 et‘Sy-
1539 2040 1541 2042 ,

101 2060 270 2106 racufie.
329 2062 504 2109 Mutata
533 2062 650 2105 enim
679 2063 736 2105 est
765 2061 1016 2119 reipublicae
1040 2061 1385 2105 administrandae
1405 2061 1494 2104 for·

50 2182 53 2184 ,
103 2145 189 2185 ma,
224 2127 279 2175 ex
311 2129 484 2175 duobus
509 2130 748 2190 juvenibus
785 2131 1052 2188 magistratus
1089 2131 1360 2188 gerentibus,
1394 2146 1496 2174 cum

103 2198 215 2252 inter
232 2213 307 2243 eos
325 2198 382 2244 de
402 2213 448 2243 re
465 2200 673 2244 amatoria
691 2198 880 2242 diffenfio
908 2207 1002 2241 orta
1030 2198 1145 2242 effet.
1204 2198 1357 2242 Altero
1379 2199 1498 2242 enim

102 2267 294 2320 absente,
312 2267 489 2326 quidam
519 2266 611 2325 ejus
641 2266 808 2319 sodalis,
830 2282 1025 2324 puerum,
1047 2266 1140 2325 ejus
1171 2266 1363 2319 delicias,
1383 2267 1439 2311 ad
1458 2267 1506 2318 se,

23 2373 26 2378 .
102 2334 300 2394 pellexit}
357 2334 437 2378 Ille
455 2345 603 2380 autem
632 2336 820 2378 reversus
841 2335 942 2378 huic
963 2335 1111 2387 iratus,
1134 2345 1284 2378 contra
1302 2335 1400 2394 ejus
1417 2351 1502 2390 ιιι·-Ὶ

23 2407 29 2469 Ἰ
105 2419 222 2456 orem
242 2395 428 2459 induxit,
449 2413 498 2447 ut
516 2403 569 2448 ad
589 2405 630 2446 se
653 2404 846 2447 veniret:
879 2419 932 2447 ex
963 2419 1050 2462 quo
1078 2404 1292 2462 adjunffiis
1322 2406 1396 2448 fibi
1425 2406 1506 2464 qui

24 2522 27 2525 ,
106 2471 150 2522 in
167 2472 389 2532 republica
410 2473 696 2525 versabantur,
718 2487 870 2516 omnes
899 2472 1013 2516 cives
1044 2472 1098 2515 ad
1129 2472 1382 2516 seditionem
1403 2488 1500 2531 per·

106 2538 327 2598 pulerunt.
388 2541 664 2600 Quapropter
699 2540 856 2583 talibus
891 2541 1193 2584 oss'eufionibus
1234 2537 1509 2585 nascentibus&

106 2608 351 2654 adhibenda
380 2610 526 2654 cautio
555 2610 639 2653 est:
673 2620 717 2652 et
748 2610 909 2653 ducum
937 2625 988 2654 ac
1017 2611 1260 2668 potentium
1281 2604 1508 2655 discordiae

107 2678 416 2741 componenda:
445 2694 494 2722 ac
521 2678 772 2722 dirimendae
803 2678 929 2722 sunt:
962 2694 1062 2722 nam
1096 2679 1142 2722 in
1175 2679 1383 2738 principio
1401 2677 1627 2737 pec-186

44 2755 46 2759 “
72 2786 81 2796 ,
109 2754 255 2791 catum
275 2745 471 2802 consistit.
530 2747 592 2790 At
612 2745 870 2804 principium
904 2746 1131 2790 dimidium
1160 2747 1294 2790 totius
1324 2747 1405 2790 effe
1434 2747 1503 2803 dif

110 2815 258 2877 oimnf.⁴
300 2816 449 2875 Itaque
470 2825 517 2859 et
540 2815 658 2875 quod
688 2824 912 2874 peccatum
945 2815 987 2858 in
1020 2831 1074 2858 eo
1103 2815 1389 2870 commissum,
1408 2830 1504 2875 par·

1630 1450 1706 1491 lv.
