<?xml version="1.0" encoding="UTF-8"?>
<!DOCTYPE html PUBLIC "-//W3C//DTD XHTML 1.0 Transitional//EN"
    "http://www.w3.org/TR/xhtml1/DTD/xhtml1-transitional.dtd">
<html xmlns="http://www.w3.org/1999/xhtml" xml:lang="en" lang="en">
 <head>
  <title>
</title>
<meta http-equiv="Content-Type" content="text/html;charset=utf-8" />
  <meta name='ocr-system' content='tesseract 3.04.00' />
  <meta name='ocr-capabilities' content='ocr_page ocr_carea ocr_par ocr_line ocrx_word'/>
</head>
<body>
  <div class='ocr_page' id='page_1' title='image "./politicagreeklat02arisuoft_0432.png"; bbox 0 0 1898 3308; ppageno 0'>
   <div class='ocr_carea' id='block_1_1' title="bbox 1738 0 1898 186">
    <p class='ocr_par' dir='ltr' id='par_1_1' title="bbox 1738 0 1898 186">
     <span class='ocr_line' id='line_1_1' title="bbox 1738 0 1898 186; baseline 0 3122"><span class='ocrx_word' id='word_1_1' title='bbox 1738 0 1898 186; x_wconf 95' lang='lat' dir='ltr'> </span> 
     </span>
    </p>
   </div>
   <div class='ocr_carea' id='block_1_2' title="bbox 472 192 1414 255">
    <p class='ocr_par' dir='ltr' id='par_1_2' title="bbox 472 192 1414 255">
     <span class='ocr_line' id='line_1_2' title="bbox 472 192 1414 255; baseline 0.005 -14"><span class='ocrx_word' id='word_1_2' title='bbox 472 200 571 255; x_wconf 81' lang='lat'>656-</span> <span class='ocrx_word' id='word_1_3' title='bbox 909 192 1414 246; x_wconf 78' lang='lat' dir='ltr'>ARISTOTELIS</span> 
     </span>
    </p>
   </div>
   <div class='ocr_carea' id='block_1_3' title="bbox 356 319 1898 2896">
    <p class='ocr_par' dir='ltr' id='par_1_3' title="bbox 356 319 1893 1059">
     <span class='ocr_line' id='line_1_3' title="bbox 469 319 1850 384; baseline 0.004 -22"><span class='ocrx_word' id='word_1_4' title='bbox 469 335 519 363; x_wconf 80' lang='lat' dir='ltr'>ac</span> <span class='ocrx_word' id='word_1_5' title='bbox 539 321 867 378; x_wconf 85' lang='lat' dir='ltr'>pronuntiando.</span> <span class='ocrx_word' id='word_1_6' title='bbox 925 324 1041 368; x_wconf 90' lang='lat' dir='ltr'>Nam</span> <span class='ocrx_word' id='word_1_7' title='bbox 1071 337 1210 384; x_wconf 88' lang='lat' dir='ltr'>neque</span> <span class='ocrx_word' id='word_1_8' title='bbox 1239 338 1368 383; x_wconf 86' lang='lat' dir='ltr'>quam</span> <span class='ocrx_word' id='word_1_9' title='bbox 1395 324 1479 367; x_wconf 90' lang='lat' dir='ltr'>vim</span> <span class='ocrx_word' id='word_1_10' title='bbox 1510 319 1850 380; x_wconf 60' lang='lat' dir='ltr'>habeatg&#39;difliffl-</span> 
     </span>
     <span class='ocr_line' id='line_1_4' title="bbox 470 384 1893 450; baseline 0.004 -20"><span class='ocrx_word' id='word_1_11' title='bbox 470 388 539 431; x_wconf 68' lang='lat' dir='ltr'>cte</span> <span class='ocrx_word' id='word_1_12' title='bbox 567 388 778 446; x_wconf 86' lang='lat' dir='ltr'>explicare</span> <span class='ocrx_word' id='word_1_13' title='bbox 806 390 931 434; x_wconf 86' lang='lat' dir='ltr'>facile</span> <span class='ocrx_word' id='word_1_14' title='bbox 958 393 1030 444; x_wconf 88' lang='lat' dir='ltr'>est,</span> <span class='ocrx_word' id='word_1_15' title='bbox 1060 406 1200 450; x_wconf 91' lang='lat' dir='ltr'>neque</span> <span class='ocrx_word' id='word_1_16' title='bbox 1227 389 1350 450; x_wconf 84' lang='lat' dir='ltr'>eujus</span> <span class='ocrx_word' id='word_1_17' title='bbox 1368 392 1429 435; x_wconf 89' lang='lat' dir='ltr'>rei</span> <span class='ocrx_word' id='word_1_18' title='bbox 1447 391 1585 449; x_wconf 80' lang='lat' dir='ltr'>gratia</span> <span class='ocrx_word' id='word_1_19' title='bbox 1606 390 1848 435; x_wconf 59' lang='lat' dir='ltr'>eammdhi-</span> <span class='ocrx_word' id='word_1_20' title='bbox 1890 384 1893 386; x_wconf 50' lang='grc'><strong>’</strong></span> 
     </span>
     <span class='ocr_line' id='line_1_5' title="bbox 468 456 1853 518; baseline 0.003 -19"><span class='ocrx_word' id='word_1_21' title='bbox 468 456 571 500; x_wconf 88' lang='lat' dir='ltr'>bere</span> <span class='ocrx_word' id='word_1_22' title='bbox 590 467 635 500; x_wconf 90' lang='lat' dir='ltr'>et</span> <span class='ocrx_word' id='word_1_23' title='bbox 653 458 856 502; x_wconf 77' lang='lat' dir='ltr'>affumer&#39;e</span> <span class='ocrx_word' id='word_1_24' title='bbox 885 463 1092 518; x_wconf 82' lang='lat' dir='ltr'>oporteat,</span> <span class='ocrx_word' id='word_1_25' title='bbox 1113 470 1257 503; x_wconf 91' lang='lat' dir='ltr'>utrum</span> <span class='ocrx_word' id='word_1_26' title='bbox 1275 459 1367 503; x_wconf 91' lang='lat' dir='ltr'>ludi</span> <span class='ocrx_word' id='word_1_27' title='bbox 1387 469 1431 503; x_wconf 88' lang='lat' dir='ltr'>et</span> <span class='ocrx_word' id='word_1_28' title='bbox 1449 458 1623 517; x_wconf 81' lang='lat' dir='ltr'>quietis,</span> <span class='ocrx_word' id='word_1_29' title='bbox 1638 458 1853 518; x_wconf 48' lang='lat' dir='ltr'>quemad*</span> 
     </span>
     <span class='ocr_line' id='line_1_6' title="bbox 468 524 1847 586; baseline 0.001 -19"><span class='ocrx_word' id='word_1_30' title='bbox 468 524 647 569; x_wconf 89' lang='lat' dir='ltr'>modum</span> <span class='ocrx_word' id='word_1_31' title='bbox 676 526 869 570; x_wconf 88' lang='lat' dir='ltr'>somnum</span> <span class='ocrx_word' id='word_1_32' title='bbox 890 537 934 570; x_wconf 91' lang='lat' dir='ltr'>et</span> <span class='ocrx_word' id='word_1_33' title='bbox 951 529 1229 571; x_wconf 89' lang='lat' dir='ltr'>ebrietatem:</span> <span class='ocrx_word' id='word_1_34' title='bbox 1264 528 1379 584; x_wconf 86' lang='lat' dir='ltr'>(haec</span> <span class='ocrx_word' id='word_1_35' title='bbox 1407 527 1520 570; x_wconf 81' lang='lat' dir='ltr'>enim</span> <span class='ocrx_word' id='word_1_36' title='bbox 1554 527 1642 586; x_wconf 74' lang='lat' dir='ltr'>ipsa</span> <span class='ocrx_word' id='word_1_37' title='bbox 1667 527 1847 586; x_wconf 79' lang='lat' dir='ltr'>quidem</span> 
     </span>
     <span class='ocr_line' id='line_1_7' title="bbox 468 594 1849 650; baseline 0.003 -15"><span class='ocrx_word' id='word_1_38' title='bbox 468 607 543 650; x_wconf 91' lang='lat' dir='ltr'>per</span> <span class='ocrx_word' id='word_1_39' title='bbox 561 594 602 636; x_wconf 92' lang='lat' dir='ltr'>se</span> <span class='ocrx_word' id='word_1_40' title='bbox 623 609 706 636; x_wconf 92' lang='lat' dir='ltr'>non</span> <span class='ocrx_word' id='word_1_41' title='bbox 727 594 824 638; x_wconf 89' lang='lat' dir='ltr'>sunt</span> <span class='ocrx_word' id='word_1_42' title='bbox 842 595 886 637; x_wconf 90' lang='lat' dir='ltr'>in</span> <span class='ocrx_word' id='word_1_43' title='bbox 906 596 1033 638; x_wconf 89' lang='lat' dir='ltr'>rebus</span> <span class='ocrx_word' id='word_1_44' title='bbox 1053 595 1178 638; x_wconf 86' lang='lat' dir='ltr'>bonis</span> <span class='ocrx_word' id='word_1_45' title='bbox 1205 603 1250 637; x_wconf 88' lang='lat' dir='ltr'>et</span> <span class='ocrx_word' id='word_1_46' title='bbox 1278 595 1459 638; x_wconf 81' lang='lat' dir='ltr'>honestis</span> <span class='ocrx_word' id='word_1_47' title='bbox 1480 595 1756 647; x_wconf 58' lang='lat' dir='ltr'>numeranda,</span> <span class='ocrx_word' id='word_1_48' title='bbox 1777 595 1849 639; x_wconf 80' lang='lat' dir='ltr'>sed</span> 
     </span>
     <span class='ocr_line' id='line_1_8' title="bbox 459 660 1848 720; baseline 0.003 -17"><span class='ocrx_word' id='word_1_49' title='bbox 459 660 656 719; x_wconf 87' lang='lat' dir='ltr'>jucunda</span> <span class='ocrx_word' id='word_1_50' title='bbox 685 663 809 706; x_wconf 83' lang='lat' dir='ltr'>sunt:</span> <span class='ocrx_word' id='word_1_51' title='bbox 845 662 1051 720; x_wconf 89' lang='lat' dir='ltr'>fimulque</span> <span class='ocrx_word' id='word_1_52' title='bbox 1081 661 1389 706; x_wconf 80' lang='lat' dir='ltr'>sollicitudines</span> <span class='ocrx_word' id='word_1_53' title='bbox 1421 665 1619 706; x_wconf 65' lang='lat' dir='ltr'>coercent</span> <span class='ocrx_word' id='word_1_54' title='bbox 1647 671 1695 707; x_wconf 68' lang='lat' dir='ltr'>ut</span> <span class='ocrx_word' id='word_1_55' title='bbox 1722 674 1848 706; x_wconf 75' lang='lat' dir='ltr'>eom-</span> 
     </span>
     <span class='ocr_line' id='line_1_9' title="bbox 469 729 1847 788; baseline 0.002 -16"><span class='ocrx_word' id='word_1_56' title='bbox 469 729 685 788; x_wconf 87' lang='lat' dir='ltr'>primunt:</span> <span class='ocrx_word' id='word_1_57' title='bbox 716 730 916 788; x_wconf 82' lang='lat' dir='ltr'><strong>quocirca</strong></span> <span class='ocrx_word' id='word_1_58' title='bbox 934 731 1064 773; x_wconf 89' lang='lat' dir='ltr'>etiam</span> <span class='ocrx_word' id='word_1_59' title='bbox 1083 746 1133 773; x_wconf 86' lang='lat' dir='ltr'>ea</span> <span class='ocrx_word' id='word_1_60' title='bbox 1151 731 1195 773; x_wconf 90' lang='lat' dir='ltr'>in</span> <span class='ocrx_word' id='word_1_61' title='bbox 1214 731 1366 774; x_wconf 89' lang='lat' dir='ltr'>eodem</span> <span class='ocrx_word' id='word_1_62' title='bbox 1393 731 1552 774; x_wconf 85' lang='lat' dir='ltr'>ordine·</span> <span class='ocrx_word' id='word_1_63' title='bbox 1568 738 1615 774; x_wconf 83' lang='lat' dir='ltr'>et</span> <span class='ocrx_word' id='word_1_64' title='bbox 1642 729 1747 775; x_wconf 65' lang='grc' dir='ltr'><strong>Ιοοοῑ</strong></span> <span class='ocrx_word' id='word_1_65' title='bbox 1761 742 1847 788; x_wconf 71' lang='grc' dir='ltr'>ρο-</span> 
     </span>
     <span class='ocr_line' id='line_1_10' title="bbox 469 796 1849 852; baseline 0 -12"><span class='ocrx_word' id='word_1_66' title='bbox 469 809 606 841; x_wconf 85' lang='lat' dir='ltr'>nunt:</span> <span class='ocrx_word' id='word_1_67' title='bbox 638 808 682 841; x_wconf 90' lang='lat' dir='ltr'>et</span> <span class='ocrx_word' id='word_1_68' title='bbox 701 799 768 841; x_wconf 84' lang='lat' dir='ltr'>his</span> <span class='ocrx_word' id='word_1_69' title='bbox 789 799 990 842; x_wconf 84' lang='lat' dir='ltr'>omnibus</span> <span class='ocrx_word' id='word_1_70' title='bbox 1008 799 1195 841; x_wconf 87' lang='lat' dir='ltr'>fimiliter</span> <span class='ocrx_word' id='word_1_71' title='bbox 1214 807 1408 852; x_wconf 89' lang='lat' dir='ltr'>utuntur,</span> <span class='ocrx_word' id='word_1_72' title='bbox 1429 799 1545 852; x_wconf 89' lang='lat' dir='ltr'>vino,</span> <span class='ocrx_word' id='word_1_73' title='bbox 1564 806 1611 842; x_wconf 86' lang='lat' dir='ltr'>et</span> <span class='ocrx_word' id='word_1_74' title='bbox 1627 796 1849 850; x_wconf 68' lang='lat' dir='ltr'>ebrietate,</span> 
     </span>
     <span class='ocr_line' id='line_1_11' title="bbox 469 865 1849 913; baseline 0.001 -6"><span class='ocrx_word' id='word_1_75' title='bbox 469 875 514 907; x_wconf 89' lang='lat' dir='ltr'>et</span> <span class='ocrx_word' id='word_1_76' title='bbox 533 866 701 908; x_wconf 87' lang='lat' dir='ltr'>mufica.</span> <span class='ocrx_word' id='word_1_77' title='bbox 763 867 812 908; x_wconf 91' lang='lat' dir='ltr'>In</span> <span class='ocrx_word' id='word_1_78' title='bbox 833 866 982 908; x_wconf 87' lang='lat' dir='ltr'>harum</span> <span class='ocrx_word' id='word_1_79' title='bbox 1002 875 1144 909; x_wconf 88' lang='lat' dir='ltr'>autem</span> <span class='ocrx_word' id='word_1_80' title='bbox 1167 880 1308 909; x_wconf 87' lang='lat' dir='ltr'>rerum</span> <span class='ocrx_word' id='word_1_81' title='bbox 1329 880 1554 910; x_wconf 85' lang='lat' dir='ltr'>numerum</span> <span class='ocrx_word' id='word_1_82' title='bbox 1575 865 1703 909; x_wconf 70' lang='lat' dir='ltr'>etiam</span> <span class='ocrx_word' id='word_1_83' title='bbox 1723 865 1849 913; x_wconf 62' lang='lat' dir='ltr'>fulta-</span> 
     </span>
     <span class='ocr_line' id='line_1_12' title="bbox 469 932 1850 991; baseline 0.001 -16"><span class='ocrx_word' id='word_1_84' title='bbox 469 932 633 976; x_wconf 80' lang='lat' dir='ltr'>tionem</span> <span class='ocrx_word' id='word_1_85' title='bbox 663 933 866 988; x_wconf 88' lang='lat' dir='ltr'>referunt)</span> <span class='ocrx_word' id='word_1_86' title='bbox 890 948 942 976; x_wconf 91' lang='lat' dir='ltr'>an</span> <span class='ocrx_word' id='word_1_87' title='bbox 962 948 1062 976; x_wconf 89' lang='lat' dir='ltr'>vero</span> <span class='ocrx_word' id='word_1_88' title='bbox 1082 933 1235 976; x_wconf 87' lang='lat' dir='ltr'>mufica</span> <span class='ocrx_word' id='word_1_89' title='bbox 1257 934 1425 991; x_wconf 85' lang='lat' dir='ltr'>aliquid·</span> <span class='ocrx_word' id='word_1_90' title='bbox 1439 932 1710 979; x_wconf 74' lang='lat' dir='ltr'>existimanda</span> <span class='ocrx_word' id='word_1_91' title='bbox 1726 934 1781 976; x_wconf 75' lang='lat' dir='ltr'>fit</span> <span class='ocrx_word' id='word_1_92' title='bbox 1796 932 1850 976; x_wconf 83' lang='lat' dir='ltr'>ad</span> 
     </span>
     <span class='ocr_line' id='line_1_13' title="bbox 356 1000 1849 1059; baseline -0.001 -14"><span class='ocrx_word' id='word_1_93' title='bbox 356 1005 456 1046; x_wconf 90' lang='lat'>313</span> <span class='ocrx_word' id='word_1_94' title='bbox 474 1001 675 1044; x_wconf 86' lang='lat' dir='ltr'>virtutem</span> <span class='ocrx_word' id='word_1_95' title='bbox 695 1001 919 1059; x_wconf 89' lang='lat' dir='ltr'>pertinere,</span> <span class='ocrx_word' id='word_1_96' title='bbox 941 1001 1051 1059; x_wconf 85' lang='lat' dir='ltr'>quafi</span> <span class='ocrx_word' id='word_1_97' title='bbox 1074 1001 1209 1058; x_wconf 82' lang='lat' dir='ltr'>poffit‚</span> <span class='ocrx_word' id='word_1_98' title='bbox 1228 1011 1278 1044; x_wconf 90' lang='lat' dir='ltr'>ut</span> <span class='ocrx_word' id='word_1_99' title='bbox 1304 1000 1566 1059; x_wconf 71' lang='lat' dir='ltr'>gymnastica</span> <span class='ocrx_word' id='word_1_100' title='bbox 1580 1013 1748 1059; x_wconf 66' lang='lat' dir='ltr'>eorpus</span> <span class='ocrx_word' id='word_1_101' title='bbox 1766 1014 1849 1043; x_wconf 83' lang='lat' dir='ltr'>cu-</span> 
     </span>
    </p>

    <p class='ocr_par' dir='ltr' id='par_1_4' title="bbox 460 1068 1898 2896">
     <span class='ocr_line' id='line_1_14' title="bbox 461 1068 1847 1127; baseline 0 -16"><span class='ocrx_word' id='word_1_102' title='bbox 461 1068 752 1125; x_wconf 89' lang='lat' dir='ltr'>jusdammodi</span> <span class='ocrx_word' id='word_1_103' title='bbox 787 1071 943 1124; x_wconf 89' lang='lat' dir='ltr'><strong>reddit,</strong></span> <span class='ocrx_word' id='word_1_104' title='bbox 977 1072 1030 1114; x_wconf 88' lang='lat' dir='ltr'>fic</span> <span class='ocrx_word' id='word_1_105' title='bbox 1063 1080 1107 1114; x_wconf 87' lang='lat' dir='ltr'>et</span> <span class='ocrx_word' id='word_1_106' title='bbox 1144 1071 1300 1116; x_wconf 84' lang='lat' dir='ltr'>mufica</span> <span class='ocrx_word' id='word_1_107' title='bbox 1332 1080 1473 1113; x_wconf 72' lang='lat' dir='ltr'>moree</span> <span class='ocrx_word' id='word_1_108' title='bbox 1505 1076 1630 1114; x_wconf 66' lang='grc' dir='ltr'>ωηο</span> <span class='ocrx_word' id='word_1_109' title='bbox 1661 1069 1847 1127; x_wconf 56' lang='lat' dir='ltr'>qudam</span> 
     </span>
     <span class='ocr_line' id='line_1_15' title="bbox 469 1137 1846 1196; baseline 0 -16"><span class='ocrx_word' id='word_1_110' title='bbox 469 1138 601 1180; x_wconf 90' lang='lat' dir='ltr'>modo</span> <span class='ocrx_word' id='word_1_111' title='bbox 621 1138 899 1181; x_wconf 86' lang='lat' dir='ltr'>confirmare:</span> <span class='ocrx_word' id='word_1_112' title='bbox 932 1154 985 1181; x_wconf 91' lang='lat' dir='ltr'>an</span> <span class='ocrx_word' id='word_1_113' title='bbox 1015 1139 1069 1181; x_wconf 87' lang='lat' dir='ltr'>ad</span> <span class='ocrx_word' id='word_1_114' title='bbox 1097 1139 1197 1181; x_wconf 86' lang='lat' dir='ltr'>vitae</span> <span class='ocrx_word' id='word_1_115' title='bbox 1224 1138 1434 1196; x_wconf 85' lang='lat' dir='ltr'>degendae</span> <span class='ocrx_word' id='word_1_116' title='bbox 1451 1137 1662 1181; x_wconf 80' lang='lat' dir='ltr'>rationem</span> <span class='ocrx_word' id='word_1_117' title='bbox 1681 1145 1727 1180; x_wconf 77' lang='lat' dir='ltr'>et</span> <span class='ocrx_word' id='word_1_118' title='bbox 1744 1148 1846 1194; x_wconf 70' lang='lat' dir='ltr'>pru-</span> 
     </span>
     <span class='ocr_line' id='line_1_16' title="bbox 468 1203 1847 1263; baseline 0 -16"><span class='ocrx_word' id='word_1_119' title='bbox 468 1205 658 1248; x_wconf 83' lang='lat' dir='ltr'>dentiam</span> <span class='ocrx_word' id='word_1_120' title='bbox 679 1207 841 1250; x_wconf 84' lang='lat' dir='ltr'>valere:</span> <span class='ocrx_word' id='word_1_121' title='bbox 873 1207 959 1250; x_wconf 90' lang='lat' dir='ltr'>hoc</span> <span class='ocrx_word' id='word_1_122' title='bbox 977 1206 1092 1249; x_wconf 86' lang='lat' dir='ltr'>enim</span> <span class='ocrx_word' id='word_1_123' title='bbox 1120 1219 1267 1249; x_wconf 85' lang='lat' dir='ltr'>eorum</span> <span class='ocrx_word' id='word_1_124' title='bbox 1290 1205 1524 1263; x_wconf 56' lang='lat' dir='ltr'>qud&#39;difia</span> <span class='ocrx_word' id='word_1_125' title='bbox 1541 1205 1653 1257; x_wconf 84' lang='lat' dir='ltr'>sunt,</span> <span class='ocrx_word' id='word_1_126' title='bbox 1673 1203 1847 1248; x_wconf 77' lang='lat' dir='ltr'>tertium</span> 
     </span>
     <span class='ocr_line' id='line_1_17' title="bbox 470 1270 1847 1332; baseline -0.001 -16"><span class='ocrx_word' id='word_1_127' title='bbox 470 1274 735 1317; x_wconf 87' lang='lat' dir='ltr'>statuendum</span> <span class='ocrx_word' id='word_1_128' title='bbox 758 1275 829 1318; x_wconf 86' lang='lat' dir='ltr'>est.</span> <span class='ocrx_word' id='word_1_129' title='bbox 891 1276 1046 1318; x_wconf 84' lang='lat' dir='ltr'>Pueros</span> <span class='ocrx_word' id='word_1_130' title='bbox 1067 1274 1198 1332; x_wconf 86' lang='lat' dir='ltr'>igitur</span> <span class='ocrx_word' id='word_1_131' title='bbox 1218 1287 1303 1317; x_wconf 86' lang='lat' dir='ltr'>non</span> <span class='ocrx_word' id='word_1_132' title='bbox 1323 1273 1404 1317; x_wconf 82' lang='lat' dir='ltr'>effe</span> <span class='ocrx_word' id='word_1_133' title='bbox 1423 1272 1517 1317; x_wconf 82' lang='lat' dir='ltr'>ludi</span> <span class='ocrx_word' id='word_1_134' title='bbox 1535 1270 1659 1317; x_wconf 77' lang='lat' dir='ltr'>causa</span> <span class='ocrx_word' id='word_1_135' title='bbox 1686 1272 1847 1316; x_wconf 73' lang='lat' dir='ltr'>doeen-</span> 
     </span>
     <span class='ocr_line' id='line_1_18' title="bbox 469 1338 1846 1401; baseline -0.001 -17"><span class='ocrx_word' id='word_1_136' title='bbox 469 1342 563 1392; x_wconf 82' lang='lat' dir='ltr'>dos,</span> <span class='ocrx_word' id='word_1_137' title='bbox 585 1343 746 1385; x_wconf 88' lang='lat' dir='ltr'>nemini</span> <span class='ocrx_word' id='word_1_138' title='bbox 767 1343 990 1386; x_wconf 87' lang='lat' dir='ltr'>obscurum</span> <span class='ocrx_word' id='word_1_139' title='bbox 1012 1343 1097 1385; x_wconf 79' lang='lat' dir='ltr'>est:</span> <span class='ocrx_word' id='word_1_140' title='bbox 1130 1357 1215 1385; x_wconf 92' lang='lat' dir='ltr'>non</span> <span class='ocrx_word' id='word_1_141' title='bbox 1236 1342 1349 1384; x_wconf 87' lang='lat' dir='ltr'>enim</span> <span class='ocrx_word' id='word_1_142' title='bbox 1368 1340 1543 1401; x_wconf 86' lang='lat' dir='ltr'>ludunt,</span> <span class='ocrx_word' id='word_1_143' title='bbox 1564 1340 1640 1399; x_wconf 84' lang='lat' dir='ltr'>qui</span> <span class='ocrx_word' id='word_1_144' title='bbox 1659 1338 1846 1384; x_wconf 75' lang='lat' dir='ltr'>discunt:</span> 
     </span>
     <span class='ocr_line' id='line_1_19' title="bbox 469 1408 1844 1468; baseline 0 -17"><span class='ocrx_word' id='word_1_145' title='bbox 469 1425 566 1452; x_wconf 89' lang='lat' dir='ltr'>nam</span> <span class='ocrx_word' id='word_1_146' title='bbox 589 1425 689 1452; x_wconf 91' lang='lat' dir='ltr'>cum</span> <span class='ocrx_word' id='word_1_147' title='bbox 712 1410 858 1453; x_wconf 90' lang='lat' dir='ltr'>dolore</span> <span class='ocrx_word' id='word_1_148' title='bbox 882 1409 1102 1468; x_wconf 79' lang='lat' dir='ltr'>disciplina</span> <span class='ocrx_word' id='word_1_149' title='bbox 1129 1408 1357 1468; x_wconf 63' lang='lat' dir='ltr'>conjuncta</span> <span class='ocrx_word' id='word_1_150' title='bbox 1383 1409 1456 1451; x_wconf 86' lang='lat' dir='ltr'>est.</span> <span class='ocrx_word' id='word_1_151' title='bbox 1515 1410 1612 1452; x_wconf 84' lang='lat' dir='ltr'>Jam</span> <span class='ocrx_word' id='word_1_152' title='bbox 1632 1419 1732 1452; x_wconf 73' lang='lat' dir='ltr'>vero</span> <span class='ocrx_word' id='word_1_153' title='bbox 1752 1419 1844 1454; x_wconf 80' lang='lat' dir='ltr'>eer-</span> 
     </span>
     <span class='ocr_line' id='line_1_20' title="bbox 467 1476 1849 1537; baseline 0 -17"><span class='ocrx_word' id='word_1_154' title='bbox 467 1487 554 1520; x_wconf 88' lang='lat' dir='ltr'>tam</span> <span class='ocrx_word' id='word_1_155' title='bbox 592 1479 692 1522; x_wconf 86' lang='lat' dir='ltr'>vitae</span> <span class='ocrx_word' id='word_1_156' title='bbox 725 1479 932 1537; x_wconf 81' lang='lat' dir='ltr'>degendae</span> <span class='ocrx_word' id='word_1_157' title='bbox 965 1478 1171 1521; x_wconf 86' lang='lat' dir='ltr'>rationem</span> <span class='ocrx_word' id='word_1_158' title='bbox 1203 1477 1359 1535; x_wconf 84' lang='lat' dir='ltr'>pueris,</span> <span class='ocrx_word' id='word_1_159' title='bbox 1389 1485 1432 1520; x_wconf 86' lang='lat' dir='ltr'>et</span> <span class='ocrx_word' id='word_1_160' title='bbox 1462 1476 1620 1520; x_wconf 79' lang='lat' dir='ltr'>talibus</span> <span class='ocrx_word' id='word_1_161' title='bbox 1650 1477 1849 1520; x_wconf 68' lang='lat' dir='ltr'>aetatibus</span> 
     </span>
     <span class='ocr_line' id='line_1_21' title="bbox 467 1544 1898 1604; baseline -0.001 -15"><span class='ocrx_word' id='word_1_162' title='bbox 467 1547 674 1604; x_wconf 71' lang='lat' dir='ltr'>praefinire</span> <span class='ocrx_word' id='word_1_163' title='bbox 694 1562 776 1589; x_wconf 92' lang='lat' dir='ltr'>non</span> <span class='ocrx_word' id='word_1_164' title='bbox 800 1546 1013 1589; x_wconf 88' lang='lat' dir='ltr'>convenit.</span> <span class='ocrx_word' id='word_1_165' title='bbox 1073 1545 1158 1589; x_wconf 89' lang='lat' dir='ltr'>Sed</span> <span class='ocrx_word' id='word_1_166' title='bbox 1186 1545 1351 1588; x_wconf 83' lang='lat' dir='ltr'>fortaffe</span> <span class='ocrx_word' id='word_1_167' title='bbox 1377 1544 1571 1588; x_wconf 78' lang='lat' dir='ltr'>videatur</span> <span class='ocrx_word' id='word_1_168' title='bbox 1592 1544 1720 1588; x_wconf 82' lang='lat' dir='ltr'>alicui</span> <span class='ocrx_word' id='word_1_169' title='bbox 1738 1556 1847 1602; x_wconf 84' lang='lat' dir='ltr'>pue·</span> <span class='ocrx_word' id='word_1_170' title='bbox 1892 1550 1898 1561; x_wconf 82' lang='lat'>‘</span> 
     </span>
     <span class='ocr_line' id='line_1_22' title="bbox 468 1611 1847 1670; baseline -0.001 -12"><span class='ocrx_word' id='word_1_171' title='bbox 468 1630 610 1658; x_wconf 89' lang='lat' dir='ltr'>rorum</span> <span class='ocrx_word' id='word_1_172' title='bbox 634 1616 816 1658; x_wconf 87' lang='lat' dir='ltr'>studium</span> <span class='ocrx_word' id='word_1_173' title='bbox 836 1615 926 1658; x_wconf 88' lang='lat' dir='ltr'>ludi</span> <span class='ocrx_word' id='word_1_174' title='bbox 946 1615 1070 1658; x_wconf 88' lang='lat' dir='ltr'>causa</span> <span class='ocrx_word' id='word_1_175' title='bbox 1098 1614 1179 1658; x_wconf 80' lang='lat' dir='ltr'>effe</span> <span class='ocrx_word' id='word_1_176' title='bbox 1206 1622 1514 1670; x_wconf 87' lang='lat' dir='ltr'>comparatum,</span> <span class='ocrx_word' id='word_1_177' title='bbox 1536 1626 1635 1656; x_wconf 81' lang='lat' dir='ltr'>cum</span> <span class='ocrx_word' id='word_1_178' title='bbox 1664 1611 1720 1656; x_wconf 85' lang='lat' dir='ltr'>ad</span> <span class='ocrx_word' id='word_1_179' title='bbox 1746 1613 1847 1656; x_wconf 85' lang='lat' dir='ltr'>viri-</span> 
     </span>
     <span class='ocr_line' id='line_1_23' title="bbox 468 1680 1845 1741; baseline -0.002 -15"><span class='ocrx_word' id='word_1_180' title='bbox 468 1684 553 1726; x_wconf 88' lang='lat' dir='ltr'>lem</span> <span class='ocrx_word' id='word_1_181' title='bbox 593 1693 761 1727; x_wconf 88' lang='lat' dir='ltr'>aetatem</span> <span class='ocrx_word' id='word_1_182' title='bbox 802 1684 1084 1741; x_wconf 78' lang='lat' dir='ltr'>pervenerint,</span> <span class='ocrx_word' id='word_1_183' title='bbox 1125 1691 1170 1725; x_wconf 89' lang='lat' dir='ltr'>et</span> <span class='ocrx_word' id='word_1_184' title='bbox 1206 1681 1339 1724; x_wconf 86' lang='lat' dir='ltr'>adulti</span> <span class='ocrx_word' id='word_1_185' title='bbox 1374 1680 1636 1739; x_wconf 70' lang='lat' dir='ltr'>perfeEtique</span> <span class='ocrx_word' id='word_1_186' title='bbox 1671 1680 1845 1724; x_wconf 85' lang='lat' dir='ltr'>fuerint.</span> 
     </span>
     <span class='ocr_line' id='line_1_24' title="bbox 468 1749 1844 1808; baseline -0.002 -14"><span class='ocrx_word' id='word_1_187' title='bbox 468 1754 530 1794; x_wconf 91' lang='lat' dir='ltr'>At</span> <span class='ocrx_word' id='word_1_188' title='bbox 560 1752 586 1794; x_wconf 91' lang='lat' dir='ltr'>fi</span> <span class='ocrx_word' id='word_1_189' title='bbox 618 1752 701 1796; x_wconf 89' lang='lat' dir='ltr'>hoc</span> <span class='ocrx_word' id='word_1_190' title='bbox 731 1767 876 1794; x_wconf 88' lang='lat' dir='ltr'>verum</span> <span class='ocrx_word' id='word_1_191' title='bbox 901 1753 973 1803; x_wconf 87' lang='lat' dir='ltr'>est,</span> <span class='ocrx_word' id='word_1_192' title='bbox 994 1751 1271 1808; x_wconf 79' lang='lat' dir='ltr'>quamobrem</span> <span class='ocrx_word' id='word_1_193' title='bbox 1303 1749 1410 1806; x_wconf 83' lang='lat' dir='ltr'>ipsos</span> <span class='ocrx_word' id='word_1_194' title='bbox 1440 1749 1598 1792; x_wconf 79' lang='lat' dir='ltr'>discere</span> <span class='ocrx_word' id='word_1_195' title='bbox 1625 1756 1844 1806; x_wconf 80' lang='lat' dir='ltr'>oporteat:</span> 
     </span>
     <span class='ocr_line' id='line_1_25' title="bbox 469 1816 1849 1877; baseline -0.002 -15"><span class='ocrx_word' id='word_1_196' title='bbox 469 1828 513 1862; x_wconf 86' lang='lat' dir='ltr'>et</span> <span class='ocrx_word' id='word_1_197' title='bbox 534 1834 634 1872; x_wconf 86' lang='lat' dir='ltr'>non,</span> <span class='ocrx_word' id='word_1_198' title='bbox 656 1819 1016 1877; x_wconf 83' lang='lat' dir='ltr'>quemadmodum</span> <span class='ocrx_word' id='word_1_199' title='bbox 1040 1818 1251 1861; x_wconf 82' lang='lat' dir='ltr'>Persarum</span> <span class='ocrx_word' id='word_1_200' title='bbox 1281 1825 1325 1860; x_wconf 87' lang='lat' dir='ltr'>et</span> <span class='ocrx_word' id='word_1_201' title='bbox 1342 1816 1586 1860; x_wconf 59' lang='lat' dir='ltr'>&gt;Medorum</span> <span class='ocrx_word' id='word_1_202' title='bbox 1615 1828 1758 1875; x_wconf 72' lang='lat' dir='ltr'>reges,</span> <span class='ocrx_word' id='word_1_203' title='bbox 1773 1831 1849 1874; x_wconf 87' lang='lat' dir='ltr'>per</span> 
     </span>
     <span class='ocr_line' id='line_1_26' title="bbox 469 1884 1844 1946; baseline -0.001 -18"><span class='ocrx_word' id='word_1_204' title='bbox 469 1888 588 1940; x_wconf 83' lang='lat' dir='ltr'>alios,</span> <span class='ocrx_word' id='word_1_205' title='bbox 609 1888 684 1946; x_wconf 85' lang='lat' dir='ltr'>qui</span> <span class='ocrx_word' id='word_1_206' title='bbox 704 1888 749 1931; x_wconf 90' lang='lat' dir='ltr'>id</span> <span class='ocrx_word' id='word_1_207' title='bbox 768 1888 940 1940; x_wconf 87' lang='lat' dir='ltr'>faciant,</span> <span class='ocrx_word' id='word_1_208' title='bbox 962 1887 1223 1943; x_wconf 85' lang='lat' dir='ltr'>voluptatem</span> <span class='ocrx_word' id='word_1_209' title='bbox 1244 1894 1288 1928; x_wconf 90' lang='lat' dir='ltr'>et</span> <span class='ocrx_word' id='word_1_210' title='bbox 1306 1884 1568 1942; x_wconf 81' lang='lat' dir='ltr'>disciplinam</span> <span class='ocrx_word' id='word_1_211' title='bbox 1597 1885 1844 1944; x_wconf 80' lang='lat' dir='ltr'>percipere?</span> 
     </span>
     <span class='ocr_line' id='line_1_27' title="bbox 469 1953 1846 2012; baseline 0.001 -16"><span class='ocrx_word' id='word_1_212' title='bbox 469 1956 638 1998; x_wconf 89' lang='lat' dir='ltr'>Etenim</span> <span class='ocrx_word' id='word_1_213' title='bbox 675 1955 835 1998; x_wconf 82' lang='lat' dir='ltr'>neeeffe</span> <span class='ocrx_word' id='word_1_214' title='bbox 867 1956 923 1997; x_wconf 91' lang='lat' dir='ltr'>est</span> <span class='ocrx_word' id='word_1_215' title='bbox 957 1969 1029 1997; x_wconf 87' lang='lat' dir='ltr'>eos</span> <span class='ocrx_word' id='word_1_216' title='bbox 1061 1954 1212 1996; x_wconf 87' lang='lat' dir='ltr'>melius</span> <span class='ocrx_word' id='word_1_217' title='bbox 1244 1969 1334 1996; x_wconf 88' lang='lat' dir='ltr'>rem</span> <span class='ocrx_word' id='word_1_218' title='bbox 1368 1953 1554 2011; x_wconf 88' lang='lat' dir='ltr'>aliquam</span> <span class='ocrx_word' id='word_1_219' title='bbox 1586 1953 1738 2007; x_wconf 77' lang='lat' dir='ltr'>facere,</span> <span class='ocrx_word' id='word_1_220' title='bbox 1771 1954 1846 2012; x_wconf 87' lang='lat' dir='ltr'>qui</span> 
     </span>
     <span class='ocr_line' id='line_1_28' title="bbox 469 2021 1846 2081; baseline -0.001 -15"><span class='ocrx_word' id='word_1_221' title='bbox 469 2023 561 2080; x_wconf 90' lang='lat' dir='ltr'>ejus</span> <span class='ocrx_word' id='word_1_222' title='bbox 582 2024 706 2081; x_wconf 88' lang='lat' dir='ltr'>ipfius</span> <span class='ocrx_word' id='word_1_223' title='bbox 726 2024 781 2065; x_wconf 89' lang='lat' dir='ltr'>rei</span> <span class='ocrx_word' id='word_1_224' title='bbox 806 2032 939 2065; x_wconf 87' lang='lat' dir='ltr'>artem</span> <span class='ocrx_word' id='word_1_225' title='bbox 962 2022 1227 2079; x_wconf 83' lang='lat' dir='ltr'>profitentur,</span> <span class='ocrx_word' id='word_1_226' title='bbox 1249 2037 1374 2078; x_wconf 89' lang='lat' dir='ltr'>quam</span> <span class='ocrx_word' id='word_1_227' title='bbox 1393 2021 1467 2079; x_wconf 88' lang='lat' dir='ltr'>qui</span> <span class='ocrx_word' id='word_1_228' title='bbox 1490 2021 1653 2064; x_wconf 84' lang='lat' dir='ltr'>tamdiu</span> <span class='ocrx_word' id='word_1_229' title='bbox 1671 2022 1715 2065; x_wconf 86' lang='lat' dir='ltr'>in</span> <span class='ocrx_word' id='word_1_230' title='bbox 1732 2037 1783 2065; x_wconf 84' lang='lat' dir='ltr'>ea</span> <span class='ocrx_word' id='word_1_231' title='bbox 1802 2036 1846 2065; x_wconf 86' lang='lat' dir='ltr'>re</span> 
     </span>
     <span class='ocr_line' id='line_1_29' title="bbox 468 2089 1847 2148; baseline -0.002 -14"><span class='ocrx_word' id='word_1_232' title='bbox 468 2106 616 2134; x_wconf 84' lang='lat' dir='ltr'>curam</span> <span class='ocrx_word' id='word_1_233' title='bbox 644 2101 688 2134; x_wconf 88' lang='lat' dir='ltr'>et</span> <span class='ocrx_word' id='word_1_234' title='bbox 717 2091 983 2148; x_wconf 84' lang='lat' dir='ltr'>diligentiam</span> <span class='ocrx_word' id='word_1_235' title='bbox 1017 2089 1318 2140; x_wconf 88' lang='lat' dir='ltr'>adhibuerunt,</span> <span class='ocrx_word' id='word_1_236' title='bbox 1340 2098 1548 2145; x_wconf 85' lang='lat' dir='ltr'>quantum</span> <span class='ocrx_word' id='word_1_237' title='bbox 1580 2089 1785 2146; x_wconf 76' lang='lat' dir='ltr'>temporis</span> <span class='ocrx_word' id='word_1_238' title='bbox 1803 2090 1847 2132; x_wconf 88' lang='lat' dir='ltr'>in</span> 
     </span>
     <span class='ocr_line' id='line_1_30' title="bbox 465 2155 1846 2213; baseline -0.001 -12"><span class='ocrx_word' id='word_1_239' title='bbox 465 2159 666 2201; x_wconf 85' lang='lat' dir='ltr'>discendo</span> <span class='ocrx_word' id='word_1_240' title='bbox 695 2159 777 2202; x_wconf 86' lang='lat' dir='ltr'>suit</span> <span class='ocrx_word' id='word_1_241' title='bbox 805 2157 1130 2200; x_wconf 87' lang='lat' dir='ltr'>conterendum.</span> <span class='ocrx_word' id='word_1_242' title='bbox 1190 2155 1323 2199; x_wconf 78' lang='lat' dir='ltr'>Quod</span> <span class='ocrx_word' id='word_1_243' title='bbox 1343 2156 1369 2198; x_wconf 81' lang='lat' dir='ltr'><strong>fi</strong></span> <span class='ocrx_word' id='word_1_244' title='bbox 1391 2155 1499 2213; x_wconf 85' lang='lat' dir='ltr'>ipsos</span> <span class='ocrx_word' id='word_1_245' title='bbox 1527 2156 1571 2198; x_wconf 82' lang='lat' dir='ltr'>in</span> <span class='ocrx_word' id='word_1_246' title='bbox 1601 2156 1757 2200; x_wconf 67' lang='lat' dir='ltr'>talibus</span> <span class='ocrx_word' id='word_1_247' title='bbox 1778 2172 1846 2200; x_wconf 89' lang='lat' dir='ltr'>re-</span> 
     </span>
     <span class='ocr_line' id='line_1_31' title="bbox 466 2222 1845 2284; baseline -0.001 -15"><span class='ocrx_word' id='word_1_248' title='bbox 466 2228 546 2269; x_wconf 88' lang='lat' dir='ltr'>bus</span> <span class='ocrx_word' id='word_1_249' title='bbox 566 2236 733 2284; x_wconf 86' lang='lat' dir='ltr'>oportet</span> <span class='ocrx_word' id='word_1_250' title='bbox 758 2226 987 2277; x_wconf 81' lang='lat' dir='ltr'>elaborare,</span> <span class='ocrx_word' id='word_1_251' title='bbox 1008 2239 1113 2282; x_wconf 83' lang='lat' dir='ltr'>ergo</span> <span class='ocrx_word' id='word_1_252' title='bbox 1132 2224 1260 2266; x_wconf 82' lang='lat' dir='ltr'>etiam</span> <span class='ocrx_word' id='word_1_253' title='bbox 1281 2222 1616 2280; x_wconf 85' lang='lat' dir='ltr'>apparandorum</span> <span class='ocrx_word' id='word_1_254' title='bbox 1646 2224 1845 2281; x_wconf 74' lang='lat' dir='ltr'>opsonio-</span> 
     </span>
     <span class='ocr_line' id='line_1_32' title="bbox 467 2290 1846 2350; baseline -0.001 -13"><span class='ocrx_word' id='word_1_255' title='bbox 467 2310 561 2338; x_wconf 86' lang='lat' dir='ltr'>rum</span> <span class='ocrx_word' id='word_1_256' title='bbox 594 2304 727 2337; x_wconf 86' lang='lat' dir='ltr'>artem</span> <span class='ocrx_word' id='word_1_257' title='bbox 763 2293 871 2350; x_wconf 87' lang='lat' dir='ltr'>ipsos</span> <span class='ocrx_word' id='word_1_258' title='bbox 903 2293 1074 2343; x_wconf 83' lang='lat' dir='ltr'>discere,</span> <span class='ocrx_word' id='word_1_259' title='bbox 1095 2291 1408 2348; x_wconf 86' lang='lat' dir='ltr'>negotiumque</span> <span class='ocrx_word' id='word_1_260' title='bbox 1436 2290 1614 2334; x_wconf 60' lang='lat' dir='ltr'>tractare</span> <span class='ocrx_word' id='word_1_261' title='bbox 1640 2301 1846 2349; x_wconf 83' lang='lat' dir='ltr'>oporteat.</span> 
     </span>
     <span class='ocr_line' id='line_1_33' title="bbox 468 2358 1846 2405; baseline -0.002 0"><span class='ocrx_word' id='word_1_262' title='bbox 468 2362 530 2405; x_wconf 88' lang='lat' dir='ltr'>At</span> <span class='ocrx_word' id='word_1_263' title='bbox 560 2363 643 2405; x_wconf 87' lang='lat' dir='ltr'>hoc</span> <span class='ocrx_word' id='word_1_264' title='bbox 673 2361 918 2405; x_wconf 87' lang='lat' dir='ltr'>absurdum.</span> <span class='ocrx_word' id='word_1_265' title='bbox 977 2358 1167 2402; x_wconf 82' lang='lat' dir='ltr'>Eandem</span> <span class='ocrx_word' id='word_1_266' title='bbox 1200 2369 1344 2402; x_wconf 87' lang='lat' dir='ltr'>autem</span> <span class='ocrx_word' id='word_1_267' title='bbox 1363 2373 1429 2401; x_wconf 85' lang='lat' dir='ltr'>res</span> <span class='ocrx_word' id='word_1_268' title='bbox 1453 2358 1584 2401; x_wconf 86' lang='lat' dir='ltr'>habet</span> <span class='ocrx_word' id='word_1_269' title='bbox 1611 2359 1846 2403; x_wconf 86' lang='lat' dir='ltr'>dubitatio-</span> 
     </span>
     <span class='ocr_line' id='line_1_34' title="bbox 467 2426 1845 2487; baseline -0.001 -13"><span class='ocrx_word' id='word_1_270' title='bbox 467 2446 583 2484; x_wconf 85' lang='lat' dir='ltr'>nem,</span> <span class='ocrx_word' id='word_1_271' title='bbox 607 2441 649 2474; x_wconf 89' lang='lat' dir='ltr'>et</span> <span class='ocrx_word' id='word_1_272' title='bbox 680 2431 704 2472; x_wconf 86' lang='lat' dir='ltr'><strong>fi</strong></span> <span class='ocrx_word' id='word_1_273' title='bbox 725 2429 832 2487; x_wconf 75' lang='lat' dir='ltr'>quis</span> <span class='ocrx_word' id='word_1_274' title='bbox 864 2429 979 2471; x_wconf 88' lang='lat' dir='ltr'>dicat</span> <span class='ocrx_word' id='word_1_275' title='bbox 1008 2430 1102 2470; x_wconf 80' lang='lat' dir='ltr'>eain</span> <span class='ocrx_word' id='word_1_276' title='bbox 1134 2427 1245 2485; x_wconf 85' lang='lat' dir='ltr'>poffe</span> <span class='ocrx_word' id='word_1_277' title='bbox 1275 2440 1414 2470; x_wconf 84' lang='lat' dir='ltr'>mores</span> <span class='ocrx_word' id='word_1_278' title='bbox 1441 2426 1639 2469; x_wconf 84' lang='lat' dir='ltr'>meliores</span> <span class='ocrx_word' id='word_1_279' title='bbox 1663 2427 1845 2472; x_wconf 87' lang='lat' dir='ltr'>efficere.</span> 
     </span>
     <span class='ocr_line' id='line_1_35' title="bbox 467 2492 1846 2554; baseline -0.003 -12"><span class='ocrx_word' id='word_1_280' title='bbox 467 2500 582 2542; x_wconf 83' lang='lat' dir='ltr'>Nam</span> <span class='ocrx_word' id='word_1_281' title='bbox 614 2514 689 2541; x_wconf 86' lang='lat' dir='ltr'>cur</span> <span class='ocrx_word' id='word_1_282' title='bbox 718 2498 813 2540; x_wconf 84' lang='lat' dir='ltr'>haec</span> <span class='ocrx_word' id='word_1_283' title='bbox 846 2494 952 2554; x_wconf 65' lang='lat' dir='ltr'>ipso&#39;s&#39;</span> <span class='ocrx_word' id='word_1_284' title='bbox 983 2496 1140 2538; x_wconf 85' lang='lat' dir='ltr'>discere</span> <span class='ocrx_word' id='word_1_285' title='bbox 1169 2504 1351 2554; x_wconf 87' lang='lat' dir='ltr'>oportet,</span> <span class='ocrx_word' id='word_1_286' title='bbox 1377 2503 1421 2537; x_wconf 88' lang='lat' dir='ltr'>et</span> <span class='ocrx_word' id='word_1_287' title='bbox 1449 2492 1846 2552; x_wconf 76' lang='lat' dir='ltr'>non·pbtius,-dum</span> 
     </span>
     <span class='ocr_line' id='line_1_36' title="bbox 467 2562 1847 2620; baseline -0.003 -10"><span class='ocrx_word' id='word_1_288' title='bbox 467 2568 572 2610; x_wconf 88' lang='lat' dir='ltr'>alios</span> <span class='ocrx_word' id='word_1_289' title='bbox 592 2567 791 2618; x_wconf 82' lang='lat' dir='ltr'>audiunt,</span> <span class='ocrx_word' id='word_1_290' title='bbox 807 2574 852 2608; x_wconf 89' lang='lat' dir='ltr'>et</span> <span class='ocrx_word' id='word_1_291' title='bbox 870 2565 1084 2607; x_wconf 81' lang='lat' dir='ltr'>honestam</span> <span class='ocrx_word' id='word_1_292' title='bbox 1118 2563 1378 2620; x_wconf 86' lang='lat' dir='ltr'>voluptatem</span> <span class='ocrx_word' id='word_1_293' title='bbox 1409 2562 1639 2620; x_wconf 87' lang='lat' dir='ltr'>percipere,</span> <span class='ocrx_word' id='word_1_294' title='bbox 1660 2572 1704 2606; x_wconf 89' lang='lat' dir='ltr'>et</span> <span class='ocrx_word' id='word_1_295' title='bbox 1733 2564 1847 2607; x_wconf 64' lang='lat' dir='ltr'>reete</span> 
     </span>
     <span class='ocr_line' id='line_1_37' title="bbox 460 2629 1846 2694; baseline -0.003 -16"><span class='ocrx_word' id='word_1_296' title='bbox 460 2636 654 2694; x_wconf 85' lang='lat' dir='ltr'>judicare</span> <span class='ocrx_word' id='word_1_297' title='bbox 674 2634 799 2692; x_wconf 62' lang='lat' dir='ltr'>polle,</span> <span class='ocrx_word' id='word_1_298' title='bbox 821 2632 1185 2690; x_wconf 87' lang='lat' dir='ltr'>quemadmodum</span> <span class='ocrx_word' id='word_1_299' title='bbox 1208 2630 1518 2673; x_wconf 72' lang='lat' dir='ltr'>Lacedaemonii</span> <span class='ocrx_word' id='word_1_300' title='bbox 1541 2629 1741 2674; x_wconf 66' lang='lat' dir='ltr'>faciunt?</span> <span class='ocrx_word' id='word_1_301' title='bbox 1777 2632 1846 2674; x_wconf 80' lang='lat' dir='ltr'>mi</span> 
     </span>
     <span class='ocr_line' id='line_1_38' title="bbox 467 2699 1861 2760; baseline -0.001 -15"><span class='ocrx_word' id='word_1_302' title='bbox 467 2704 601 2756; x_wconf 85' lang='lat' dir='ltr'>enim,</span> <span class='ocrx_word' id='word_1_303' title='bbox 632 2702 826 2760; x_wconf 88' lang='lat' dir='ltr'>quamvis</span> <span class='ocrx_word' id='word_1_304' title='bbox 859 2715 943 2750; x_wconf 85' lang='lat' dir='ltr'>non</span> <span class='ocrx_word' id='word_1_305' title='bbox 977 2700 1154 2752; x_wconf 85' lang='lat' dir='ltr'>discant,</span> <span class='ocrx_word' id='word_1_306' title='bbox 1175 2699 1338 2756; x_wconf 83' lang='lat' dir='ltr'>poffunt</span> <span class='ocrx_word' id='word_1_307' title='bbox 1370 2709 1530 2753; x_wconf 82' lang='lat' dir='ltr'>tamen,</span> <span class='ocrx_word' id='word_1_308' title='bbox 1561 2708 1611 2742; x_wconf 86' lang='lat' dir='ltr'>ut</span> <span class='ocrx_word' id='word_1_309' title='bbox 1636 2699 1771 2751; x_wconf 75' lang='lat' dir='ltr'>aiunt,</span> <span class='ocrx_word' id='word_1_310' title='bbox 1793 2700 1861 2743; x_wconf 84' lang='lat' dir='ltr'>de-</span> 
     </span>
     <span class='ocr_line' id='line_1_39' title="bbox 468 2765 1869 2825; baseline -0.002 -12"><span class='ocrx_word' id='word_1_311' title='bbox 468 2771 610 2813; x_wconf 89' lang='lat' dir='ltr'>modis</span> <span class='ocrx_word' id='word_1_312' title='bbox 639 2780 684 2813; x_wconf 88' lang='lat' dir='ltr'>et</span> <span class='ocrx_word' id='word_1_313' title='bbox 711 2769 922 2821; x_wconf 82' lang='lat' dir='ltr'>cantibus,</span> <span class='ocrx_word' id='word_1_314' title='bbox 943 2769 1015 2825; x_wconf 90' lang='lat' dir='ltr'>qui</span> <span class='ocrx_word' id='word_1_315' title='bbox 1038 2768 1138 2810; x_wconf 89' lang='lat' dir='ltr'>boni</span> <span class='ocrx_word' id='word_1_316' title='bbox 1160 2769 1252 2820; x_wconf 84' lang='lat' dir='ltr'>fint,</span> <span class='ocrx_word' id='word_1_317' title='bbox 1273 2767 1348 2825; x_wconf 89' lang='lat' dir='ltr'>qui</span> <span class='ocrx_word' id='word_1_318' title='bbox 1377 2767 1479 2820; x_wconf 86' lang='lat' dir='ltr'>non,</span> <span class='ocrx_word' id='word_1_319' title='bbox 1499 2766 1614 2809; x_wconf 64' lang='lat' dir='ltr'>reete</span> <span class='ocrx_word' id='word_1_320' title='bbox 1635 2765 1846 2824; x_wconf 78' lang='lat' dir='ltr'>judicare.</span> <span class='ocrx_word' id='word_1_321' title='bbox 1868 2819 1869 2822; x_wconf 11' lang='grc' dir='ltr'><strong>Ἴ</strong></span> 
     </span>
     <span class='ocr_line' id='line_1_40' title="bbox 467 2834 1847 2896; baseline -0.003 -15"><span class='ocrx_word' id='word_1_322' title='bbox 467 2838 628 2881; x_wconf 89' lang='lat' dir='ltr'>Eadem</span> <span class='ocrx_word' id='word_1_323' title='bbox 659 2852 831 2896; x_wconf 89' lang='lat' dir='ltr'>quoque</span> <span class='ocrx_word' id='word_1_324' title='bbox 860 2837 966 2879; x_wconf 85' lang='lat' dir='ltr'>ratio</span> <span class='ocrx_word' id='word_1_325' title='bbox 996 2835 1274 2893; x_wconf 86' lang='lat' dir='ltr'>quadraverit,</span> <span class='ocrx_word' id='word_1_326' title='bbox 1296 2835 1319 2877; x_wconf 84' lang='lat' dir='ltr'>fi</span> <span class='ocrx_word' id='word_1_327' title='bbox 1349 2835 1442 2893; x_wconf 78' lang='lat' dir='ltr'>quis</span> <span class='ocrx_word' id='word_1_328' title='bbox 1471 2835 1586 2879; x_wconf 81' lang='lat' dir='ltr'>dicat</span> <span class='ocrx_word' id='word_1_329' title='bbox 1604 2834 1659 2878; x_wconf 80' lang='lat' dir='ltr'>ad</span> <span class='ocrx_word' id='word_1_330' title='bbox 1678 2844 1847 2893; x_wconf 73' lang='lat' dir='ltr'>tempus</span> 
     </span>
    </p>
   </div>
  </div>
 </body>
</html>
