1898 3308
439 193 533 238 DE
576 194 995 238 REPUBLICA
1041 198 1124 240 111
1157 211 1223 244 12
1413 196 1494 254 487

211 327 338 378 (ῃου
347 313 440 374 jaim
469 315 592 369 facile
618 317 675 359 est
703 315 742 358 ei
771 317 958 361 credere
1014 287 1199 363 Difficile
1227 319 1341 362 enim
1365 319 1436 372 est,
1457 326 1502 362 et

258 379 496 441 §virtut'nb
516 399 644 461 quam
675 399 824 441 capere
853 385 973 441 poffit
995 385 1182 428 humana
1204 396 1366 429 natura.
1429 387 1500 428 In·

159 457 347 509 §ptem
374 451 503 495 etiam
532 452 575 494 in
610 453 694 495 hoc
721 452 935 495 dubitatio
954 453 1006 495 ad
1029 453 1324 511 explicandum
1347 455 1498 497 diffici-
1520 457 1619 498 124

150 543 205 579 9
223 516 362 578 quod
377 517 432 560 ad
461 518 696 576 potentiam
725 518 888 576 regiam
920 519 1090 572 attinet,
1114 529 1258 563 utrum
1288 535 1404 571 eum,
1428 521 1502 578 qui

35 573 38 578 ⁵
121 563 384 647 Ξρςυοῒιιωε
411 586 485 639 est,
503 585 645 644 aliqua
665 586 705 630 vi
725 587 986 630 succinaum
1005 602 1055 631 ac
1074 589 1236 645 septum
1267 588 1347 630 effe
1376 603 1502 645 opor-

119 656 247 716 Mt:
278 667 364 712 qua
380 654 536 711 poterit
553 653 776 712 imperium
803 654 1112 712 respuentibus,
1142 664 1186 698 et
1213 656 1505 712 obtemperare

31 768 38 775 ‚
121 718 437 782 ιφυίουζὶδυε,
458 721 544 778 vim
563 721 737 779 afferre3
767 729 843 764 aut
861 722 1082 780 quomodo
1109 723 1149 765 ei
1177 722 1400 780 imperium
1427 723 1502 766 ad-

20 2617 43 2709 (ι.

19 2723 38 2764 1⁴3

11 2532 39 2607 m:-
0 2011 42 2522 aerm-›wwew
2 1932 31 1957 ι
10 1684 19 1693 =·
31 1493 34 1511 „‚
33 1462 36 1467 .
4 1447 6 1449 ·
4 1403 39 1427 ·,Δ
6 1114 34 1146 2.»
11 1020 19 1027 „
13 973 24 990 =
26 952 29 955 .

123 785 365 851 qiuilhate
379 775 522 835 liceat.
579 774 694 831 Nam
712 789 870 832 etiamsi
892 805 1021 847 penes
1047 805 1145 852 eug)
1172 790 1336 834 summa
1356 791 1403 832 fit
1424 805 1503 847 po·

130 853 280 918 ίξίὶοᾶ
283 870 337 899 ex
363 856 478 916 lege,
498 857 695 915 nihilque
717 858 789 900 sua
817 857 1035 902 voluntate
1054 868 1128 902 aut
1147 859 1332 902 libidine
1355 867 1508 915 praeter

122 907 322 987 Je‘em
292 926 410 983 agat,
430 925 625 984 potentia
641 935 802 978 tamen,
823 941 910 983 qua
927 926 1056 984 leges
1062 926 1267 969 custodiat
1294 934 1339 970 et
1367 926 1505 970 sacro-

123 990 292 1054 fffuQ
309 993 540 1047 conservet,
559 993 598 1036 ei
618 993 811 1051 suppetat
839 995 999 1037 necesse
1025 994 1098 1038 est.
1158 994 1336 1037 Fortaffe
1355 994 1504 1053 igitur,

128 1061 317 1122 quodad
335 1062 464 1106 talem
485 1078 631 1121 regem
651 1063 820 1116 attinet,
840 1078 926 1106 non
954 1063 1010 1106 est
1040 1062 1211 1106 difficile
1241 1063 1353 1106 hanc
1382 1078 1505 1121 quae·

129 1129 307 1175 fflouem
338 1130 528 1174 definire.
589 1132 773 1189 Oportet
805 1131 920 1174 enim
955 1131 996 1174 ei
1030 1131 1113 1173 vim
1146 1132 1322 1189 quidem
1357 1132 1507 1189 praesto

125 1182 228 1251 effe,
248 1183 319 1257 sed
348 1197 476 1257 talem
508 1198 612 1251 vim,
635 1207 684 1241 ut
711 1198 888 1241 validior
918 1199 965 1242 fit
994 1213 1121 1257 quam
1143 1199 1312 1257 finguli,
1332 1209 1377 1243 et
1396 1214 1510 1243 unus

129 1273 178 1318 pt
195 1252 458 1324 complures.
483 1265 738 1309 imbecillior
756 1281 886 1323 quam
907 1266 1097 1309 universa
1117 1267 1376 1310 multitudo:
1399 1282 1507 1325 qua-

131 1330 198 1377 len
227 1333 429 1392 antiqui
422 1333 628 1376 custodias
661 1334 922 1386 tribuebant,
951 1333 1026 1375 ubi
1056 1349 1186 1391 quem
1217 1334 1403 1378 civitatis
1426 1336 1508 1378 AE-

129 1399 386 1460 ζγιυυοτοω,
433 1401 798 1460 quemadmodum
841 1401 1126 1460 appellabant,
1165 1411 1240 1445 aut
1277 1412 1509 1461 tyrannum

131 1469 349 1514 ereaffent.
405 1470 463 1512 Et
490 1469 665 1527 quidam
698 1469 984 1527 Syracusanis,
1008 1479 1057 1512 ut
1085 1470 1291 1531 Dionysio
1320 1472 1510 1518 custodes

128 1537 310 1647 pellenti,
328 1538 434 1597 tales
454 1537 647 1583 custodes
665 1537 828 1590 darent,
849 1537 1063 1582 suadebat.

725 1689 927 1714 *-

657 1815 696 1859 C
712 1816 753 1859 A
770 1817 815 1859 P.
861 1816 986 1859 XVI.

137 1929 280 1977 Utrum
298 1946 465 1990 regnum
479 1930 638 1989 plenum
664 1915 811 1974 elifium
839 1930 942 1972 inter
966 1930 1087 1972 bonas
1105 1928 1342 1989 respublicas
1365 1945 1511 1975 connu-

272 1989 273 1992 Ἴ
339 1996 487 2041 merari
501 1997 655 2050 debeat,
675 2014 724 2040 ex
743 1996 912 2039 aliorum
918 1997 1122 2055 fintentz'a
1140 1997 1314 2040 dubitat.

132 2131 143 2136 ,
161 2107 163 2109 ’
193 2086 331 2139 CUM
350 2096 495 2139 autem
516 2086 570 2130 de
589 2101 644 2129 eo
661 2102 778 2145 rege,
799 2087 871 2145 qui
893 2087 1037 2130 omnia
1054 2087 1128 2132 suo
1148 2097 1258 2131 nutu
1286 2096 1415 2146 atque
1444 2104 1511 2132 ar-

131 2156 294 2211 bitratu
313 2147 443 2214 gerit,
462 2153 597 2208 sermo
623 2169 738 2198 nunc
767 2154 814 2197 fit
842 2155 1072 2208 institutus,
1094 2164 1188 2198 tum
1208 2155 1290 2198 hac
1308 2155 1363 2198 de
1382 2171 1428 2199 re
1446 2157 1510 2199 vi-

134 2220 327 2277 dendum
362 2224 437 2268 est.
493 2223 608 2266 Nam
643 2223 718 2281 qui
753 2239 826 2266 rex
858 2238 909 2266 ex
946 2223 1045 2282 lege
1076 2218 1329 2281 appellatur,
1359 2224 1394 2267 is
1427 2240 1512 2268 non

133 2293 282 2350 ρίΐιοὶῑ,
319 2301 372 2345 ut
409 2291 613 2343 diximus,
654 2291 775 2349 regni
813 2290 1009 2348 speciem.
1070 2292 1121 2333 In
1161 2292 1360 2335 omnibus
1397 2293 1514 2335 enim

135 2359 382 2410 civitatibus
408 2357 660 2417 contingere
688 2359 818 2416 potest
838 2369 888 2402 ut
908 2358 955 2400 fit
974 2358 1199 2417 imperium
1232 2359 1334 2403 belli
1361 2375 1512 2418 perpe-

133 2428 278 2483 tuum,
297 2428 430 2474 veluti
450 2428 494 2471 in
514 2428 787 2481 democratia,
807 2428 878 2471 seu
898 2427 1043 2485 populi
1062 2428 1280 2485 potestate,
1303 2438 1346 2472 et
1367 2429 1511 2472 aristo-

209 2498 285 2551 tia,
314 2497 360 2541 id
388 2498 462 2550 est,
491 2497 762 2554 optimatium
796 2496 1014 2553 potentia:
1046 2504 1091 2538 et
1118 2495 1248 2538 multi
1278 2496 1351 2540 uni
1381 2495 1515 2540 totius

133 2565 388 2625 peipublicae
421 2563 755 2608 administrandae
785 2578 835 2607 ac
864 2563 1132 2606 moderandae
1163 2565 1405 2621 potestatem
1435 2565 1514 2608 de-

130 2634 295 2693 Ῑςμιυῑ.
353 2633 458 2677 Tale
487 2633 602 2676 enim
634 2632 851 2691 quoddam
886 2631 1116 2690 imperium
1145 2633 1204 2675 est
1235 2633 1363 2675 etiam
1394 2633 1513 2693 Dyr-

134 2703 286 2756 rachii,
305 2711 352 2746 et
370 2716 471 2745 vero
489 2702 680 2759 Opunte,
696 2699 836 2758 aliqua
853 2715 906 2743 ex
925 2708 1042 2758 parte
1059 2700 1292 2759 angustius.
1350 2702 1514 2746 Verum

129 2770 264 2827 (heo
280 2785 431 2830 regno,
450 2769 569 2829 quod
587 2769 671 2813 suis
690 2769 892 2812 omnibus
912 2767 1102 2826 partibus
1120 2769 1361 2814 absolutum
1381 2779 1427 2814 et
1446 2770 1513 2813 in-

130 2833 317 2899 mum
335 2837 570 2898 appellatur
592 2838 695 2895 (hoc
723 2845 869 2880 autem
900 2837 974 2890 est,
995 2851 1047 2880 ex
1068 2851 1156 2895 quo
1176 2852 1249 2882 rex
1267 2837 1414 2883 omnia
1440 2839 1514 2884 suo
1535 2847 1631 2890 125

771 2903 875 2959 1i4

1634 1823 1727 1863 XII.
