1898 3308
464 195 550 251 676
898 196 1388 245 Anls‘ro'rssms

464 552 565 596 Quae
576 554 803 612 sequuntur
831 556 889 597 ad
900 555 1033 613 finem
1063 554 1160 598 libri
1186 555 1320 612 hujus,
1338 573 1385 599 ea
1408 557 1660 614 Camerarius·
1685 574 1764 603 non
1784 573 1835 602 α’

521 623 663 668 Graeco
696 624 917 681 Aristotelis
945 632 1125 667 contextu
1159 624 1372 681 transtulit,
1405 626 1474 683 qui
1501 626 1655 684 pridem
1684 627 1803 686 periit
1818 643 1834 670 .·

452 689 455 692 ’
502 692 585 751 sed
612 708 698 734 cum
727 691 820 734 olim
847 691 1040 734 Aretinus
1066 691 1219 753 plenius
1245 691 1298 749 (si
1325 693 1476 735 credere
1504 692 1610 747 licet)
1635 692 1834 753 exemplar

515 765 672 812 naam,
693 759 795 801 hanc
817 758 1062 817 particulam
1087 759 1281 801 Latinam
1298 759 1682 819 ficzffit‚²Taeqffimus
1705 761 1835 821 pqstea

516 828 560 871 in
583 827 764 870 Graecum
778 827 999 886 firmanam
1024 828 1186 871 eandem
1215 827 1430 886 trarfiulit.
1487 828 1587 889 Inde
1605 829 1699 888 erge
1716 829 1835 873 b‘abet

518 894 785 940 Camerarius.

341 1252 446 1306 336
457 1230 518 1305 Ρ
519 1262 730 1308 ROBAM
760 1263 983 1314 mulierem
1014 1265 1086 1309 seu
1119 1264 1496 1320 matremfamilias,
1513 1262 1708 1310 omnium
1732 1277 1832 1330 quae

452 1332 498 1375 in
518 1331 694 1375 domum
716 1331 968 1385 inferuntur,
989 1333 1208 1376 dominam
1232 1334 1312 1377 effe
1330 1347 1561 1392 earumque
1579 1347 1725 1376 euram
1743 1326 1829 1375 sus-

449 1400 592 1458 cipere
612 1399 827 1451 convenit,
843 1399 971 1442 certis
990 1400 1243 1458 quibusdam
1263 1401 1451 1459 legibus.
1510 1401 1612 1444 Non
1633 1399 1832 1444 admittet

447 1468 544 1511 haec
573 1475 796 1510 externum
817 1481 1077 1525 quenquam,
1098 1468 1191 1511 viro
1210 1483 1295 1511 non
1307 1469 1506 1527 jubente,
1529 1467 1830 1525 pertimescens

447 1550 499 1578 ea
518 1534 562 1577 in
582 1533 746 1593 primis,
767 1548 865 1590 quae
886 1534 1018 1592 vulgo
1039 1535 1092 1578 de
1113 1535 1342 1578 mulierum
1358 1533 1597 1594 corruptela
1614 1533 1828 1592 perhiberi

446 1603 597 1646 solent.
658 1601 791 1646 Quod
811 1601 854 1643 in
876 1601 1041 1646 aedibus
1062 1611 1107 1646 et
1127 1603 1239 1645 intra
1266 1602 1519 1646 domesticos
1539 1601 1717 1660 parietes
1737 1601 1827 1647 fieri

446 1671 593 1724 debet,
626 1671 672 1714 id
707 1682 858 1726 notum
889 1671 970 1713 erit
1002 1671 1089 1729 ipfi.
1148 1670 1415 1714 Extrinsecus
1441 1664 1587 1714 autem
1617 1669 1824 1714 acceden-

445 1741 556 1784 tium
587 1739 760 1798 culpam
794 1739 1004 1798 praestabit
1034 1739 1192 1782 scilicet
1225 1739 1418 1783 maritus.
1476 1740 1526 1782 In
1562 1738 1686 1783 festos
1717 1734 1827 1793 dies,

445 1816 656 1866 quantum
677 1808 742 1851 vir
760 1808 1006 1866 permiserit,
1029 1815 1196 1850 tantum
1230 1807 1303 1850 illa
1332 1806 1570 1850 insumendi
1588 1806 1673 1865 jus,
1689 1806 1825 1850 habe-

446 1875 527 1918 bit.
588 1876 711 1919 Quos
733 1876 820 1933 ipsa
838 1876 1026 1933 sumptus
1044 1874 1185 1927 faciet,
1206 1883 1250 1917 et
1268 1889 1356 1932 quo
1376 1882 1528 1918 ornatu
1550 1882 1711 1928 utetur,
1734 1874 1826 1933 ejus

330 1953 431 2005 337
447 1954 692 2003 apparatum
713 1944 823 1988 infra
840 1945 970 1987 etiam
999 1944 1120 2000 leges
1148 1942 1340 2000 publicas
1370 1943 1582 1996 abducet,
1591 1951 1719 2001 atque
1739 1942 1825 1989 hoc

446 2013 681 2071 cogitabit·
713 2014 872 2082 Neque
899 2011 1084 2068 corporis
1115 2011 1297 2054 nitorem
1324 2019 1368 2054 et
1393 2011 1561 2054 vestitus
1582 2010 1823 2073 pulchritu-

444 2080 606 2133 dinem,
642 2093 783 2137 neque
816 2078 964 2120 formae
995 2077 1191 2135 speciem,
1226 2092 1367 2135 neque
1397 2076 1621 2134 multiplex
1652 2092 1821 2130 aurum,

443 2156 664 2204 tantopere
684 2145 983 2189 commendare
1009 2145 1124 2187 hunc
1154 2145 1314 2197 sexum,
1335 2153 1597 2202 quantopere
1622 2145 1824 2188 modestia

443 2217 488 2259 in
524 2217 652 2259 rebus
682 2214 897 2266 omnibus,
929 2221 973 2256 et
1003 2212 1183 2255 studium
1216 2212 1318 2254 vitae
1348 2211 1530 2254 honestoe
1556 2227 1605 2255 ae
1636 2212 1821 2270 pudicae·

443 2286 556 2327 Haec
574 2283 690 2327 enim
713 2297 811 2325 vera
839 2290 1086 2324 ornamenta
1117 2280 1247 2322 animi
1280 2295 1367 2338 prae
1397 2279 1560 2323 caeteris
1588 2281 1823 2338 expetenda

441 2352 553 2404 sunt,
574 2360 618 2394 et
637 2351 797 2393 habent
816 2347 910 2406 plus
931 2347 1140 2389 firmitatis
1159 2346 1211 2389 ad
1232 2346 1401 2389 laudem
1420 2346 1726 2390 conciliandam
1746 2348 1822 2391 fibi

441 2429 487 2465 et
517 2419 677 2470 liberis,
711 2416 948 2460 durabilem
978 2415 1033 2459 ad
1061 2415 1319 2458 seneautem
1346 2415 1494 2474 usque.
1553 2417 1821 2475 Quapropter
1892 2477 1894 2480 Ι

442 2490 510 2531 his
544 2486 771 2531 virtutibus
803 2484 1004 2527 mulieres
1037 2492 1325 2536 exerceantur,
1360 2492 1404 2526 et
1438 2483 1706 2528 laudabiliter
1742 2486 1818 2530 suo

442 2567 620 2599 munere
639 2552 764 2610 fungi
792 2551 1065 2609 perseverent.
1123 2550 1279 2593 Virum
1299 2550 1342 2591 in
1362 2565 1412 2592 ea
1430 2566 1527 2608 quae
1545 2549 1663 2593 domi
1683 2559 1727 2595 et
1746 2552 1816 2595 in-

441 2632 507 2666 tra
534 2622 711 2681 parietes
740 2628 948 2678 geruntur
975 2618 1189 2676 inquirere
1208 2633 1293 2660 non
1314 2617 1453 2671 decet,
1474 2633 1618 2661 verum
1638 2620 1815 2677 probam

441 2705 616 2733 uxorem
649 2687 848 2730 omnibus
878 2686 922 2728 in
954 2686 1083 2729 rebus
1113 2695 1281 2742 operam
1309 2685 1409 2728 dare
1440 2686 1637 2728 convenit
1658 2696 1705 2730 ut
1726 2689 1816 2742 mfro

442 2759 491 2800 fit
523 2756 749 2813 morigera.
809 2755 911 2796 Non
949 2753 1022 2796 illa
1055 2753 1199 2795 audire
1233 2752 1347 2795 volet
1383 2753 1438 2795 de
1471 2753 1654 2810 publicis
1689 2755 1815 2800 rebus

440 2825 698 2884 quicquam:
731 2836 816 2866 non
844 2821 898 2864 de
927 2820 1109 2866 liberum
1137 2820 1350 2879 conjugiis
1379 2821 1571 2866 tractare.
1630 2822 1760 2868 Quod
1786 2824 1814 2867 fi
