1898 3308
446 153 531 208 684
809 208 814 211 .
887 153 1375 199 ARISTOTELIS
1823 0 1898 230 ¹³*

1505 245 1510 250 .
1545 243 1622 254 w„-
1685 242 1821 265 ηπ,
1890 234 1895 246 ›

441 243 563 318 viles,
622 275 991 334 Exportandorum
1019 285 1161 321 autem
1183 276 1630 335 importandorumque
1643 245 1814 324 formae

442 344 615 402 quando
642 353 718 388 aut
745 361 940 404 quaenam
966 355 1144 403 excepta
1166 346 1236 403 ipfi
1259 346 1343 388 de
1332 345 1384 388 xis
1403 360 1499 403 quae
1518 344 1688 403 satrapis
1706 358 1813 388 con-
1867 369 1895 397 .<-,

443 412 582 455 stituta
601 411 710 466 sunt,
727 428 826 456 cum
846 414 1136 457 emolumento
1149 413 1442 457 distrahantur.
1491 411 1811 470 Impendiomm
1886 448 1888 454 ,

383 504 389 539 5
439 494 542 523 vero
572 481 644 524 seu
674 481 930 539 sumptuaria
962 480 1100 524 forma
1131 480 1381 533 confiderau
1400 480 1585 542 *quinam
1618 479 1812 537 sumptus

440 548 664 592 minuendi
697 550 791 602 fint,
821 557 866 592 et
894 549 1079 607 quando.
1139 550 1250 591 Item
1278 548 1498 600 nummine
1521 546 1811 606 impendendi,

440 630 494 658 an
513 631 563 659 ea
581 632 678 674 quae
707 616 894 659 nummis
911 615 996 658 emi
1015 615 1162 659 solent.
1223 615 1420 658 Secundo
1436 615 1534 659 loco
1552 613 1810 672 San-spicam

440 681 673 726 videamus.
733 682 875 740 Hujus
900 681 1114 725 fruEtuum
1135 696 1290 739 genera
1309 681 1404 724 sunt
1422 682 1506 723 sex.
1563 681 1809 739 Agrorum:

440 749 604 792 Eorum
624 765 720 806 quae
740 749 940 807 cujusque
959 748 1145 807 regionis
1164 750 1259 792 sunt
1277 748 1524 806 peculiaria:
1546 747 1812 791 Amet-cato-

437 817 586 862 ribus:
618 819 683 859 Ex
713 816 1019 874 veeti‘galibus:
1055 815 1271 869 pecuaria,
1297 825 1341 859 et
1373 824 1468 873 quae
1500 814 1582 858 alia
1613 813 1809 858 reddunt.

437 884 508 926 Est
544 892 686 926 autem
733 884 896 940 primus
942 883 1134 926 omnium
1172 893 1216 926 et
1252 884 1602 942 praestantiffimus
1647 881 1812 926 fruetus

435 966 565 1007 quem
586 952 677 1010 agri
696 951 902 995 reddunt:
934 966 1120 1010 eumque
1140 951 1213 994 alii
1231 952 1440 995 tributum
1461 951 1533 995 seu
1550 950 1809 1009 penfionem,

435 1019 508 1061 alii
542 1015 767 1074 decimam,
786 1020 1012 1077 appellant.
1073 1020 1308 1075 Secundus,
1341 1035 1486 1062 eorum
1517 1034 1617 1077 quse
1642 1017 1811 1081 propria

435 1086 532 1130 sunt
564 1086 776 1146 regionis-
802 1081 959 1131 alieubi
989 1100 1155 1142 aurum,
1186 1087 1341 1131 alicubi
1373 1082 1807 1146 argentum3'oiibubi

437 1169 511 1208 aes,
532 1155 689 1199 alicubi
708 1156 789 1198 alia
807 1172 902 1213 quae
927 1156 1097 1198 existere
1120 1155 1308 1213 potsunt.
1365 1155 1533 1198 Tertius
1561 1153 1722 1199 fruetus
1749 1152 1809 1196 est

435 1222 517 1266 fori
547 1224 619 1267 seu
650 1234 914 1266 mercaturae.
974 1224 1177 1276 Quartus,
1205 1223 1478 1281 vefflgalium
1505 1231 1594 1265 tam
1617 1236 1670 1264 ex
1695 1220 1809 1279 agris

434 1306 563 1349 quam
595 1293 722 1335 rebus
753 1292 986 1335 venalibus.
1046 1292 1252 1342 Quintus,
1284 1291 1506 1349 pecuariae,
1534 1305 1632 1348 quae
1663 1289 1804 1332 nomi-

436 1368 561 1402 natur
590 1360 803 1403 fruauum
835 1359 1007 1402 acceffio
1036 1369 1079 1401 et
1107 1359 1288 1402 decima.
1349 1361 1518 1411 Sextus,
1538 1373 1685 1401 eorum
1709 1372 1805 1414 quae

426 1427 516 1470 'alia
534 1429 717 1471 reddunt
736 1443 833 1486 quae
852 1429 1023 1471 nomina
1051 1426 1210 1470 habent
1228 1428 1338 1472 faeta
1355 1441 1382 1468 a
1401 1426 1560 1469 foenore
1578 1426 1651 1468 seu
1669 1424 1806 1482 capite

434 1504 480 1537 et
508 1495 687 1538 officina.
747 1498 845 1540 Jam
874 1495 1001 1537 tertio
1033 1495 1130 1537 loco
1163 1488 1332 1538 civilem
1365 1491 1545 1537 fot-masii
1572 1492 1807 1536 videamus.

434 1564 580 1622 Hujus
609 1563 770 1607 fruetus
799 1564 1108 1621 praestantiffimi
1127 1563 1237 1617 sunt,
1257 1563 1340 1606 ab
1329 1563 1381 1606 1is
1400 1578 1498 1622 quae
1516 1561 1599 1604 fert
1618 1560 1804 1620 proprie-

420 1639 498 1673 tas
530 1631 732 1689 cujusque
762 1632 965 1690 regionis.
1026 1631 1225 1684 Proximi,
1246 1640 1494 1674 mercaturae
1523 1639 1568 1672 et
1580 1623 1825 1685 ludorum-'1

320 1696 424 1750 349
438 1701 659 1753 Postremi,
672 1715 811 1743 rerum
831 1699 1172 1758 quotidianarum
1192 1708 1322 1757 atque
1350 1699 1665 1749 communium
1719 1698 1825 1741 Rem

432 1769 508 1811 stat
529 1777 677 1827 quarta
703 1778 747 1810 et
777 1768 927 1810 ultima
955 1768 1216 1825 privatorum
1242 1767 1472 1810 domestica
1490 1764 1806 1809 administratio.
1823 1776 1827 1779 ’

430 1838 492 1879 Ea
511 1838 567 1879 est
588 1837 871 1894 inaequabilis,
894 1851 946 1878 eo
975 1836 1099 1893 quod
1118 1850 1203 1878 non
1236 1850 1370 1878 unum
1397 1833 1569 1891 aliquod
1600 1841 1802 1892 tanquam

431 1905 597 1962 iignum
617 1905 868 1962 propositum
888 1905 929 1946 in
951 1904 1030 1946 hac
1051 1903 1319 1960 spe&andum
1341 1902 1403 1944 fit.
1459 1902 1526 1945 Est
1545 1909 1591 1947 et
1608 1900 1803 1954 minima,
1824 1938 1825 1941 ,

430 1974 532 2029 quia
549 1984 594 2015 et
615 1973 777 2016 fruetus
807 1974 903 2015 sunt
931 1963 1104 2023 modici,
1125 1981 1170 2014 et
1189 1986 1274 2014 non
1292 1970 1439 2028 magni
1468 1970 1576 2014 fiunt
1593 1969 1799 2028 sumptus-

432 2042 482 2083 In
513 2041 594 2083 hac
623 2055 722 2083 vero
752 2039 915 2083 frufflms
944 2039 1292 2096 praestantiffimos
1321 2038 1504 2081 reddunt
1521 2037 1643 2095 agri:
1674 2046 1719 2080 et
1735 2037 1800 2080 se-

429 2109 622 2152 cundum
663 2109 742 2151 hos
778 2108 872 2151 aliae
905 2122 1062 2165 operae.
1119 2106 1267 2149 Tertio
1299 2106 1409 2158 loco,
1442 2105 1634 2162 pecuniae
1658 2104 1799 2148 fusura.

429 2177 561 2221 Extra
580 2189 751 2233 quoque
770 2175 856 2227 ista,
877 2173 1079 2231 quiddam
1102 2173 1296 2215 omnium
1322 2171 1692 2216 administrationis
1719 2171 1799 2215 do·-

429 2244 612 2287 mesticae
637 2255 846 2302 generum
873 2255 1118 2294 commune,
1142 2250 1187 2283 et
1217 2241 1261 2283 in
1294 2239 1379 2283 illis
1410 2240 1638 2297 praecipue,
1670 2247 1801 2298 atque

427 2312 576 2356 hocin
596 2312 740 2369 primis
766 2309 1110 2354 confiderandum
1139 2310 1223 2351 est:
1255 2310 1328 2352 Ne
1355 2307 1578 2366 impendia⁸
1599 2308 1678 2351 fint
1704 2322 1798 2352 ma·

419 2381 517 2439 jora
553 2396 680 2438 quam
718 2379 898 2422 fru&us.
957 2377 1162 2435 Expositis
1204 2385 1345 2419 autem
1385 2375 1659 2419 divisionibus
1696 2374 1799 2428 istis,

428 2464 542 2492 nunc
569 2449 767 2505 deinceps
791 2447 951 2490 rursum
971 2455 1016 2488 et
1034 2446 1287 2502 satraparum
1306 2443 1555 2502 praefefitura
1570 2452 1615 2486 et
1633 2443 1798 2495 civitas,

426 2517 500 2560 ubi
523 2516 791 2559 versabuntur
810 2514 1014 2557 traetatus
1033 2512 1172 2564 nostri,
1193 2510 1518 2567 contemplanda
1535 2511 1594 2554 est
1613 2526 1626 2555 ε
1656 2509 1723 2553 Sit
1742 2524 1797 2553 ne

425 2583 632 2628 utendum
653 2583 835 2635 cunetis,
857 2597 950 2639 quae
970 2580 1099 2623 modo
1117 2579 1396 2631 differuimus,
1412 2586 1487 2621 aut
1505 2577 1658 2620 horum
1678 2592 1800 2626 max-

423 2653 540 2703 imis,
560 2653 586 2694 fi
606 2651 703 2694 ferri
722 2651 775 2694 ab
796 2666 846 2692 ea
865 2650 1029 2706 poffint.
1087 2650 1143 2690 Et
1171 2649 1259 2705 post
1285 2647 1394 2700 haec,
1425 2646 1612 2699 Quinam
1631 2645 1795 2690 fruEtus

424 2728 498 2762 aut
517 2735 600 2762 non
630 2717 879 2776 proveniant
896 2731 994 2759 cum
1014 2715 1163 2773 poffint
1183 2715 1415 2773 provenire,
1437 2722 1512 2762 aut
1530 2728 1630 2757 cum
1649 2713 1797 2779 exigui

423 2788 515 2840 tint,
547 2802 599 2831 an
628 2794 909 2843 augmentum
937 2784 1212 2827 admittant.
1241 2784 1351 2826 Item
1383 2796 1436 2826 ex
1462 2781 1711 2840 sumptibus
1720 2780 1796 2840 qui
