1898 3308
457 186 549 230 DE
591 187 1020 231 RE'PUBLICA
1055 187 1124 231 Π.
1155 203 1199 246 9.
1436 200 1518 244 441

122 302 413 363 ,abstrahire
433 317 508 352 aut
535 324 680 367 poenas
709 309 811 352 dare
843 309 1012 353 nolunt.
1072 312 1136 352 Ex
1167 326 1255 367 quo
1286 311 1527 371 intelligere

136 376 270 431 w,
287 376 445 428 iil-'hac
472 378 719 436 reipublicae
749 377 1089 420 administrandae
1119 378 1418 435 descriptione,
1443 380 1523 423 ali-

119 442 243 503 *fl
258 444 762 503 effeie'nviliweipublicae
778 445 1167 497 administrationis,
1187 446 1231 489 id
1250 448 1324 500 est,
1345 448 1523 504 politiae,

0 509 1 512 ¹
91 559 93 563 ,
133 511 233 557 ⁸011<
255 512 398 557 mnan
425 513 506 557 effe
535 514 706 557 civilem
736 514 981 572 reipublicae
1011 514 1432 567 administrationem,
1453 516 1525 559 sed

130 578 278 640 phtius
310 596 545 640 paucorum
581 592 868 641 potentatum,
901 583 986 626 hoc
1019 584 1092 637 est,
1123 583 1422 641 oligarchiam,
1454 584 1525 627 seu

19 660 45 697 ³1
133 647 267 692 uniu-
280 650 536 708 Potentiam,
557 651 600 693 id
621 652 692 703 est,
715 651 964 708 dynastiam.
1026 652 1348 695 Consueverunt
1377 661 1521 694 autem

5 682 46 782 ἃ
129 717 410 775 populum'et
439 718 601 761 amicos
630 718 1052 762 suos-distribuentes
1072 734 1121 761 ac
1141 719 1428 776 disponentes,
1446 716 1522 761 sub

10 769 42 847 -ζ
131 783 272 828 nnius?
288 784 516 843 imperium
545 791 680 829 totam
709 787 1017 844 rempublicam
1039 787 1310 845 subjungere,
1340 795 1386 829 et
1411 786 1522 830 sedi-

29 851 35 861 '
131 851 298 896 tiuhan
318 853 528 907 excitare,
560 863 605 897 et
634 854 746 898 inter
771 854 811 897 se
839 853 1065 913 digladiari
1093 869 1143 897 ac
1169 854 1400 897 decertare.
1461 854 1524 896 At

128 919 240 978 quid
257 920 558 966 resen-tunam
578 922 664 966 hoc
684 922 771 976 fiat,
791 938 845 965 an
866 923 1090 966 intervallo
1122 922 1326 980 temporis
1357 936 1443 964 non
1475 922 1523 964 fit

95 1030 97 1032 ,
130 987 314 1046 amplius
344 990 494 1034 civitas
527 991 772 1050 hujusmodi
801 992 968 1046 civitas,
990 992 1059 1036 sed
1089 991 1330 1034 diffolvatm·
1353 1000 1397 1034 et
1417 990 1521 1036 diri-

20 1065 39 1101 ’,ζ
128 1066 274 1101 matur
303 1058 442 1102 civilis
474 1060 683 1104 societas?
719 1062 786 1103 Est
817 1071 961 1104 autem
994 1070 1086 1104 tum
1119 1060 1310 1118 periculo
1330 1061 1524 1118 proxima

132 1125 189 1168 fio
219 1125 372 1170 affeaa
400 1127 569 1179 civitas,
600 1144 699 1171 cum
733 1130 808 1187 qui
843 1129 994 1172 volunt
1022 1129 1066 1171 in
1099 1129 1349 1186 reipublicae
1373 1129 1522 1172 statum

130 1194 345 1249 invadere,
380 1197 412 1240 ii
442 1198 571 1240 etiam
603 1196 784 1256 poffunt.
845 1199 930 1242 Sed
961 1198 1326 1256 quemadmodum
1358 1198 1523 1241 dietum

131 1263 205 1316 est,
237 1274 389 1308 natura
416 1265 501 1308 loci
535 1281 629 1309 eam
661 1275 809 1309 tuetur
837 1275 882 1308 et
908 1267 1074 1309 servat.
1106 1265 1252 1307 insulae
1281 1265 1395 1308 enim
1422 1265 1522 1308 lon·

8 1359 26 1409 ,ἶ
124 1331 352 1391 ,ginquitas
387 1334 635 1392 peregrinos
674 1343 805 1386 arcet,
842 1344 970 1391 atque
1005 1333 1196 1391 expellit.
1259 1333 1411 1390 Itaque
1448 1334 1524 1376 Pe-

126 1400 246 1444 rioeci
266 1411 444 1458 manent
463 1402 507 1445 in
528 1401 671 1446 officio
691 1403 805 1461 apud
828 1403 1006 1447 Cretas·
1040 1402 1188 1445 Elotes
1209 1416 1309 1444 vero
1327 1401 1522 1459 saepenu-

129 1483 251 1514 mero
277 1486 304 1514 a
331 1471 670 1515 Lacedaemoniis
695 1471 950 1514 desciscunt.
1010 1472 1128 1514 Nam
1151 1484 1292 1528 neque
1311 1484 1412 1512 cum
1435 1469 1525 1513 ullo

119 1537 371 1597 ‘principatu
401 1550 579 1584 externo
608 1540 771 1583 babent
803 1539 1111 1583 commercium
1147 1540 1326 1582 Cretes:
1359 1547 1405 1581 et
1436 1553 1523 1582 non

126 1604 190 1649 ita
207 1607 374 1664 pridem
395 1608 560 1653 bellum
589 1619 815 1652 externum
848 1600 900 1652 in*
927 1608 1105 1652 insulam
1137 1607 1415 1651 transveetum
1447 1609 1521 1662 est,

129 1675 248 1734 quod
284 1677 580 1721 infirmitatem
618 1677 782 1736 legum,
812 1693 909 1736 quae
939 1678 1001 1721 ibi
1029 1678 1141 1730 sunt,
1174 1675 1391 1735 patefecit.
1452 1678 1522 1721 De

79 1759 95 1776 ν
128 1745 212 1788 hac
247 1745 381 1804 igitur
413 1745 659 1804 reipublicae
695 1746 1034 1790 administrandae
1066 1746 1218 1799 forma,
1257 1745 1464 1790 haaenus
1496 1761 1523 1790 a

130 1814 256 1858 nobis
276 1814 440 1859 dicium
464 1816 528 1860 fit.

698 1932 908 1956 *-

680 2027 837 2070 CAP.
883 2028 966 2071 XI.

364 2128 755 2188 Carthaginiensium
774 2130 1052 2190 rempublicam
1072 2131 1290 2175 examinat.

181 2221 500 2265 VIDENTUR
526 2229 671 2264 autem
700 2221 830 2264 etiam
862 2221 1238 2280 Carthaginienses
1270 2221 1520 2279 reipublicae

125 2289 468 2339 administrandae
487 2289 653 2332 ratione
675 2290 738 2333 uti
758 2290 873 2333 recia
901 2306 950 2333 ac
981 2291 1196 2348 praeclara,
1217 2299 1262 2333 et
1293 2291 1441 2334 multis
1472 2292 1518 2335 in

123 2358 254 2403 rebus
282 2358 439 2402 eximia
466 2368 596 2416 atque
624 2358 816 2416 egregia,
839 2360 866 2401 fi
888 2373 988 2402 cum
1019 2359 1114 2402 aliis
1142 2370 1441 2414 comparetur:
1474 2361 1517 2403 in

125 2426 345 2471 nonnullis
401 2437 548 2476 autem
606 2427 1032 2471 Lacedaemoniorum
1078 2428 1328 2486 reipublicae
1384 2430 1520 2472 confi-

123 2496 236 2549 mili,
257 2507 302 2540 et
323 2511 430 2554 pene
449 2496 638 2554 gemina.
701 2498 782 2539 Hae
803 2498 921 2540 enim
943 2508 1027 2541 tres
1057 2499 1302 2556 reipublicae
1332 2498 1519 2541 admini-

122 2566 296 2609 strandae
315 2566 465 2609 formae
486 2581 586 2608 cum
606 2566 717 2608 inter
737 2566 776 2608 se
792 2567 1112 2624 quodammodo
1134 2568 1212 2610 sint
1233 2567 1403 2620 similes,
1425 2576 1520 2611 tum

122 2634 217 2679 aliis
249 2634 380 2694 longe
411 2638 621 2693 praestant,
655 2634 884 2688 Cretensis,
914 2636 1107 2693 inquam,
1137 2646 1181 2680 et
1214 2636 1444 2689 Laconica,
1475 2646 1519 2679 et

122 2703 249 2766 tertia
279 2704 672 2763 Carthaginiensis:
704 2705 929 2763 multaque
958 2720 1123 2757 eorum,
1146 2720 1244 2762 quae
1273 2706 1385 2762 apud
1409 2707 1516 2748 Car·
1537 2717 1600 2768 75

122 2771 412 2830 thaginienses
435 2774 660 2818 constituta
690 2774 799 2828 sunt,
830 2774 1030 2831 praeclare
1062 2774 1103 2817 se
1134 2774 1310 2817 habent.
1371 2775 1519 2832 Argu-

122 2850 273 2889 mento
306 2851 450 2886 autem
487 2843 560 2896 est,
597 2843 710 2887 banc
743 2843 1054 2902 rempublicam
1096 2844 1207 2888 bene
1247 2843 1328 2886 effe
1361 2842 1519 2891 descri-

1666 2024 1741 2063 lx.
