1898 3308
494 186 589 231 DE
631 180 1053 230 Rapussch
1099 182 1159 224 11.
1193 192 1233 238 7·
1298 151 1301 157 ’
1463 188 1566 237 «437

166 302 376 373 m
405 315 499 353 aut
493 303 680 367 -propter
705 307 1036 352 immoderatum
1070 304 1244 348 honoris
1275 302 1483 356 studium,
1494 311 1570 346 aut

289 386 363 423 tet·
378 379 597 423 ‘avaritiam
627 389 674 422 et
703 378 915 437 pecuniae
929 376 1223 434 cupiditatem,
1245 375 1298 417 ab
1321 374 1570 417 hominibus

286 453 436 491 titur.
497 440 566 491 De
586 462 723 506 regno
744 456 886 489 autem
907 454 1052 488 utrum
1075 458 1159 486 non
1183 443 1349 501 praestet
1377 442 1573 485 civitates

74 529 90 578 j
165 508 356 574 Qubus
375 530 536 574 parere,
552 530 605 558 an
622 516 802 574 praestet,
823 513 932 558 alius
951 512 1048 556 sane
1064 513 1150 556 esto
1169 510 1412 568 disputandi
1432 509 1574 553 locus.

165 576 494 628 mmmtamen
528 584 660 627 satius
691 583 835 636 fuerit,
857 597 960 634 non,
981 579 1348 639 quemadmodum
1373 594 1489 621 nunc
1510 579 1571 630 fit,

166 646 270 696 fffl
267 656 326 696 'ox
342 652 432 696 suis
454 652 593 706 faffls,
627 661 671 695 et
701 652 802 704 vita,
825 662 1178 708 unumquemque
1207 662 1358 704 regum
1381 646 1572 703 spe&ari,

168 728 459 790 'agnumque
489 721 700 763 obtinere.
760 721 831 762 Ne
866 718 1000 776 ipsum
1041 716 1217 775 quidem
1250 715 1428 758 latorem
1463 714 1575 772 legis

174 786 329 831 *utem
359 788 560 846 putavisse
594 788 708 845 pofl'e
741 787 781 830 se
813 802 887 830 eos
920 786 1086 829 efficere
1121 784 1233 827 viros
1266 783 1390 826 omni
1417 783 1575 825 virtute

166 853 440 914 -μπῦαυεοε,
461 856 506 899 in
527 866 727 914 promptu
748 857 820 899 est.
881 856 924 898 Is
944 854 1059 897 enim
1082 852 1252 908 diffidit,
1273 867 1413 910 neque
1430 852 1578 895 omnia
1652 862 1656 866 “

166 925 419 978 *endiis-fut
451 938 534 969 non
570 926 669 970 satis
705 926 830 969 bonis
868 925 986 968 viris.
1047 925 1323 981 Quapropter
1355 936 1440 965 una
1474 936 1575 964 cum

165 994 473 1054 -oegwlegatos
503 995 674 1040 mittere
703 997 894 1039 solebant
921 1010 995 1038 eos
1027 993 1099 1051 qui
1130 1007 1229 1036 cum
1257 1007 1310 1034 eo
1329 989 1578 1034 inimicitias

165 1066 381 1120 Queat
401 1080 412 1106 ε
444 1074 490 1107 et
507 1065 686 1108 salutare
707 1064 870 1108 civitati
890 1064 971 1107 effe
991 1062 1299 1113 existimabant,
1321 1074 1446 1117 reges
1467 1059 1579 1102 inter

169 1129 231 1173 ὓ
255 1131 542 1185 committere,
561 1141 606 1175 et
625 1133 856 1175 concitare.
916 1133 988 1174 Ne
1009 1130 1053 1173 id
1081 1129 1276 1188 quidem,
1297 1128 1413 1186 quod
1433 1127 1488 1170 ad
1510 1127 1577 1170 so-

170 1198 349 1253 sanlius,
382 1202 453 1244 seu
483 1201 696 1254 convivia,
725 1216 823 1259 quae
857 1199 1041 1243 Phiditia
1071 1198 1353 1256 appellantur,
1378 1196 1578 1254 pertinet,

168 1267 316 1311 ‹absseo
336 1269 411 1327 qul
432 1269 650 1312 constituit
669 1268 871 1326 primum,
893 1268 1007 1310 recte
1032 1266 1269 1309 institutum
1299 1265 1372 1308 est.
1433 1265 1577 1322 Opor-

170 1334 309 1380 —oebat
327 1338 442 1381 enim
466 1339 636 1396 sumptu
658 1337 832 1395 publico
852 1336 997 1395 potius
1027 1344 1287 1378 conventum
1318 1333 1440 1376 illum
1473 1333 1580 1387 fieri,

169 1406 551 1464 <quemadmodum
591 1407 635 1449 in
672 1407 818 1450 Creta.
879 1405 1010 1463 Apud
1047 1402 1399 1447 Lacedaemonios
1435 1412 1583 1445 autem

185 1488 544 1534 unumquemque
580 1474 771 1531 conferre
804 1482 990 1532 oportet,
1027 1472 1186 1516 etiamfi
1224 1470 1422 1514 nonnulli
1459 1471 1583 1514 valde

186 1554 395 1601 pauperes
429 1544 522 1597 sint,
553 1558 695 1601 neque
721 1543 839 1585 hunc
868 1542 1086 1599 sumptum
1116 1540 1254 1583 facere
1283 1540 1454 1597 poffint.
1517 1540 1586 1582 Ita

187 1612 450 1656 contrarium
480 1613 625 1656 evenit
656 1612 781 1655 latori
813 1611 940 1670 legis,
971 1619 1100 1668 atque
1130 1609 1350 1654 confilium
1382 1608 1473 1667 ejus
1509 1609 1583 1653 est.

187 1679 302 1724 Vult
329 1681 446 1724 enim
476 1681 853 1724 concoenationum
886 1687 930 1722 et
959 1678 1254 1722 conviviorum
1285 1677 1509 1720 inventum
1532 1678 1587 1720 ad

188 1748 372 1792 formam
393 1749 639 1808 reipublicae
669 1748 917 1807 popularem
940 1748 1009 1790 seu
1030 1746 1334 1790 democratiam
1357 1747 1587 1804 pertinere.

192 1818 278 1862 Sed
298 1818 344 1861 fit
363 1819 541 1861 minime
562 1817 709 1861 formae
735 1816 981 1875 reipublicae
1012 1816 1207 1875 populari
1239 1815 1587 1870 consentaneum,

190 1883 254 1930 ita
274 1886 456 1930 a‘latore
483 1886 594 1945 legis
626 1886 882 1929 institutum.
942 1885 1045 1927 Non
1077 1884 1195 1927 enim
1224 1883 1349 1927 facile
1378 1884 1435 1927 est
1466 1884 1588 1928 valde

179 1955 452 2013 :pauperibus
469 1969 524 1998 ea
541 1954 811 2012 participare.
871 1953 959 1997 Hic
988 1961 1131 1995 autem
1159 1951 1408 2010 reipublicae
1430 1953 1525 1996 finis
1544 1961 1589 1996 et

177 2022 304 2081 ‚qmfi
336 2023 544 2066 terminus
574 2023 734 2080 patrius
765 2030 895 2080 atque
923 2021 1064 2064 avitus
1093 2020 1345 2064 constitutus
1374 2021 1447 2074 est,
1472 2031 1523 2064 ut
1551 2021 1589 2065 is

178 2091 270 2150 [qui
281 2091 373 2135 hoc
394 2091 577 2150 vectigal
607 2091 811 2149 pensitare
832 2105 918 2133 non
939 2090 1089 2148 potest,
1110 2104 1163 2131 ne
1185 2090 1232 2132 fit
1251 2089 1343 2147 ejus
1363 2090 1590 2149 particeps.

179 2160 290 2205 -Jam
318 2159 464 2218 legem
498 2161 552 2204 de
586 2159 757 2202 navium
788 2158 1018 2217 praefefitis,
1040 2172 1149 2216 quos
1181 2157 1414 2201 navarchos
1440 2158 1588 2217 appel-

177 2229 301 2283 ,·laut‚
324 2230 397 2273 alii
417 2245 590 2288 quoque
609 2228 989 2287 reprehenderunt,
1011 2227 1143 2286 idque
1163 2227 1317 2270 merito
1336 2245 1346 2270 ε
1370 2228 1590 2271 seditionis

180 2299 312 2344 enim
330 2299 456 2343 causa
472 2299 665 2342 efficiens
685 2297 837 2340 existit.
899 2296 1047 2339 Claffis
1073 2295 1187 2339 enim
1206 2296 1457 2354 praefefitura
1476 2298 1584 2340 sem·
1605 2307 1671 2358 70

193 2368 365 2428 piterna‘
389 2369 583 2427 regibus,
609 2368 683 2425 qui
715 2368 811 2410 sunt
842 2366 948 2409 belli
977 2365 1109 2409 duces
1139 2374 1267 2423 atque
1293 2366 1588 2424 imperatores,

195 2438 358 2490 addita,
380 2437 561 2480 alterum
585 2435 896 2494 propemodum
925 2449 1110 2493 regnum
1139 2433 1299 2477 evadit.
1360 2435 1461 2478 Hoc
1492 2451 1593 2479 vero

183 2507 327 2551 etiam
346 2506 478 2549 modo
507 2505 765 2564 propositum
795 2503 942 2546 latoris
971 2502 1082 2561 legis
1101 2502 1386 2560 reprehendat
1405 2504 1590 2562 aliquis:

191 2574 313 2634 'quod
347 2574 524 2633 quidem
559 2582 603 2616 et
635 2573 755 2615 Plato
788 2571 831 2614 in
865 2571 988 2614 libris
1016 2572 1070 2614 de
1098 2570 1270 2629 legibus
1301 2571 1419 2615 fecit.
1478 2574 1594 2616 Tota

181 2644 310 2688 -onim
345 2643 494 2702 legum
525 2641 750 2699 descriptio
781 2640 836 2683 ad
871 2654 1002 2682 unam
1041 2639 1211 2682 virtutis
1242 2648 1422 2696 partem,
1456 2650 1590 2684 artem

127 2709 133 2717 ’
195 2712 442 2764 militarem,
463 2710 656 2753 refertur.
717 2711 827 2752 Haec
847 2708 963 2751 enim
985 2707 1039 2751 ad
1059 2707 1318 2766 potiundum
1343 2723 1486 2752 rerum
1506 2709 1593 2753 uti-

184 2781 252 2825 Τιε
273 2781 357 2824 est.
395 2781 570 2838 ‘Itaque
600 2778 701 2822 salvi
728 2777 906 2836 quidem
934 2785 1055 2819 erant
1084 2776 1246 2820 bellum
1276 2787 1494 2836 gerentes,
1525 2778 1593 2822 in·

183 2849 384 2895 ·oetibant
403 2857 552 2894 autem
581 2847 811 2906 imperium
841 2845 1010 2903 adepti:
1041 2845 1144 2904 quia
1170 2845 1297 2890 otiari
1317 2858 1362 2891 et
1380 2846 1596 2906 quiescere

842 2929 871 2957 τ’
891 2913 914 2957 f
926 2928 952 2973 3
