1898 3308
398 169 495 215 DE
537 167 739 214 CURA
781 169 1116 215 Rm'FAM.
1162 171 1201 215 1.
1235 183 1277 214 1.
1448 169 1530 228 677

141 305 213 338 rc·
236 297 283 336 ct
309 299 482 352 tempus
510 292 634 347 feret,
662 301 715 336 ut
747 291 814 336 vel
842 292 940 336 filiae
970 292 1137 336 dandus
1163 292 1211 336 fit
1239 292 1317 346 vir,
1339 291 1408 335 vel
1426 307 1535 336 uxor

142 359 246 416 filio,
273 362 440 420 prorsus
465 361 540 405 illa
567 362 644 405 suo
675 361 766 406 viro
796 362 1082 420 obtemperet,
1102 361 1235 419 inque
1255 361 1532 405 deliberando

140 427 393 474 sententiam
423 429 539 473 illius
569 430 654 474 fine
682 429 1026 489 tergiversatione
1054 429 1266 486 sequatur.
1327 429 1532 489 Sciatque

141 509 228 541 non
257 505 344 541 tam
372 497 580 542 dedecere
608 499 747 542 virum
767 498 986 542 domestici
1005 497 1146 556 operis
1167 497 1327 554 aliquid
1347 497 1530 551 efficere,

140 578 272 624 quam
301 566 524 611 mulierem
545 566 718 611 scrutari
742 567 967 610 exteriora.
1027 565 1192 609 Mulier
1209 565 1322 608 bene
1343 564 1533 609 instituta

138 631 411 688 existimabit,
443 635 588 693 legem
617 635 698 679 effe
729 634 803 678 fibi
831 635 1056 693 ingenium
1091 641 1135 677 et
1167 646 1309 676 mores
1341 631 1418 675 viri
1452 631 1530 686 sui,

137 699 271 745 latam
301 702 524 764 divinitus,
545 718 598 746 eo
626 711 819 761 tempore
849 718 937 762 quo
968 701 1130 760 nuptiae
1151 701 1331 760 junctae,
1359 708 1404 743 et
1430 699 1530 743 vitae

138 768 228 814 fors
255 770 496 815 consociata
516 770 614 814 fuit.
676 771 809 815 Quod
829 772 854 814 si
875 771 952 815 illa
972 785 1098 829 aequo
1125 769 1270 814 animo
1288 767 1367 811 viri
1387 782 1531 811 mores

139 836 264 892 seret,
297 838 533 883 admodum
567 838 703 882 facilis
731 839 812 882 erit
847 839 1078 882 domestica
1105 836 1439 881 administratio:
1472 835 1531 878 fin

138 906 300 962 minus,
319 923 523 967 perquam
552 909 752 954 difficilis.
813 910 1112 953 Quamobrem
1142 922 1228 950 non
1250 906 1383 949 modo
1402 906 1530 949 rebus

137 974 333 1020 secundis
352 986 398 1021 et
415 978 589 1022 fortuna
612 978 804 1036 prospera
834 977 1106 1022 concordiam
1134 975 1316 1020 servabit
1345 975 1528 1030 firmam,

136 1051 185 1087 et
212 1044 470 1104 obsequetur
488 1045 696 1090 voluntati
719 1046 813 1100 viri,
834 1046 906 1090 sed
925 1046 1113 1089 tristibus
1144 1044 1275 1088 etiam
1295 1053 1425 1101 atque
1445 1043 1538 1087 dua

136 1112 197 1157 ris
217 1114 499 1173 temporibus.
560 1115 606 1158 Si
636 1130 778 1158 rerum
797 1114 907 1158 forte
927 1113 1245 1159 necessariarum
1267 1112 1444 1171 penuria
1465 1113 1528 1164 fit,

137 1181 167 1224 fi
195 1183 349 1226 morbo
381 1183 610 1237 laboretur,
632 1184 658 1227 fi
691 1184 985 1228 vehementior
1014 1181 1278 1242 perturbatio
1307 1181 1453 1225 existat
1484 1188 1530 1224 et

137 1250 272 1294 animi
293 1251 560 1311 impotentia,
582 1253 817 1296 tolerentur
846 1253 1004 1306 omnia,
1036 1261 1081 1295 et
1108 1265 1204 1294 mos
1228 1258 1402 1309 geratur
1419 1249 1527 1303 viro,

137 1319 213 1363 nifi
247 1319 358 1364 forte
391 1320 613 1378 turpitudo
646 1329 720 1364 aut
754 1320 990 1380 indignitas
1023 1320 1067 1362 in
1097 1333 1143 1362 re
1174 1318 1283 1361 infit.
1346 1318 1391 1360 Si
1422 1317 1527 1375 quid

135 1388 282 1432 animo
315 1398 536 1433 commoto
566 1389 630 1432 vir
662 1389 801 1448 egerit
834 1398 963 1447 atque
995 1386 1238 1445 deliquerit,
1267 1384 1359 1444 ejus
1389 1386 1524 1429 statim
1543 1388 1647 1432 338

135 1456 424 1512 obliviscatur,
451 1466 527 1501 aut
556 1458 858 1516 interpretetur
888 1458 932 1500 in
964 1457 1123 1500 bonam
1157 1462 1337 1514 partem,
1360 1454 1525 1512 impru-

137 1524 295 1569 dentiae
329 1526 694 1585 negligentiaeque
733 1534 778 1569 et
817 1524 1062 1585 aegritudini
1099 1523 1364 1567 ascribendo.
1425 1524 1530 1568 Quo

135 1602 280 1638 autem
314 1594 358 1637 in
386 1594 456 1637 his
485 1594 667 1637 attentio
692 1604 737 1637 et
763 1594 990 1653 diligentia
1009 1591 1144 1650 major
1163 1591 1354 1635 adhibita
1382 1590 1528 1646 fuerit,

138 1677 193 1707 eo
212 1663 309 1722 plus
336 1663 484 1722 gratiae
514 1662 642 1706 inibit
670 1678 696 1706 a
724 1662 814 1706 viro
845 1662 898 1706 ad
929 1662 1148 1705 sanitatem
1170 1660 1328 1704 mentis
1348 1661 1527 1705 reverso.

139 1732 199 1775 Et
218 1732 244 1775 fi
265 1731 474 1791 refragata
499 1732 548 1775 fit
566 1731 685 1790 juffis
703 1731 949 1785 inhonestis,
966 1730 1138 1790 depulsa
1157 1730 1270 1788 quafi
1292 1730 1408 1774 nube
1427 1745 1528 1789 per-

137 1800 448 1855 turbationum,
484 1801 684 1844 virtutem
724 1801 850 1859 ipfius
884 1801 947 1844 vir
979 1801 1134 1844 clarius
1170 1800 1408 1859 perspiciet.
1468 1801 1529 1843 Et

138 1869 238 1913 ideo
269 1869 412 1929 turpia
442 1869 589 1913 omnia
618 1871 897 1914 cavebuntur.
957 1871 1007 1912 In
1040 1869 1205 1913 caeteris
1235 1884 1342 1912 uxor
1370 1870 1528 1913 marito

136 1938 464 1997 obtemperabit,
485 1953 570 1981 non
592 1938 715 1982 aliter
729 1954 856 1996 quam
880 1939 906 1981 {i
928 1937 973 1980 in
992 1937 1108 1980 illius
1128 1937 1332 1980 familiam
1354 1937 1528 1980 venisset

134 2015 284 2065 empta
315 2002 485 2050 ancilla.
546 2008 605 2050 Et
638 2021 781 2050 revera
819 2018 1025 2065 magnum
1062 2004 1302 2063 impensum
1337 2006 1395 2048 est
1429 2020 1527 2063 pre-

135 2075 243 2119 tium
260 2091 272 2117 ε
287 2107 289 2109 -
303 2074 404 2118 vitae
425 2073 559 2118 totius
581 2074 852 2127 consociatio,
884 2083 928 2117 et
955 2074 1193 2132 procreatio
1215 2072 1417 2126 liberum,
1439 2088 1529 2131 quo

134 2143 273 2202 pretio
292 2157 432 2201 neque
450 2141 587 2202 majus
605 2142 686 2186 esse
704 2142 836 2196 aliud,
858 2157 998 2201 neque
1018 2141 1198 2186 sanctius
1218 2141 1355 2199 poffit.
1415 2142 1528 2186 Haec

133 2211 190 2255 de
209 2211 352 2254 minus
370 2211 602 2255 commodo
620 2211 710 2254 viro
729 2210 1012 2270 intelligenda
1027 2210 1138 2254 sunt.
1199 2210 1352 2252 Minus
1379 2218 1525 2253 autem

133 2294 280 2324 eamm
307 2279 477 2322 illustris
505 2280 640 2323 virtus
668 2280 740 2333 est,
771 2294 953 2337 quarum
973 2277 1166 2337 conjugii
1186 2286 1364 2320 eventus
1383 2277 1523 2321 sortu-

131 2358 258 2393 natus
277 2347 376 2391 fuit.
437 2348 549 2391 Sane
568 2362 654 2391 non
676 2348 795 2390 abuti
814 2346 998 2390 fortunae
1026 2345 1311 2403 benignitate,
1332 2344 1449 2388 haud
1478 2345 1522 2389 in

134 2416 327 2461 minimis
361 2416 626 2475 ponendum,
656 2431 799 2459 verum
832 2415 1000 2458 adversa
1028 2423 1172 2457 tamen
1198 2413 1307 2456 ferre
1338 2411 1523 2468 fortiter,

132 2485 275 2529 multo
302 2484 436 2543 pluris
466 2483 760 2528 aestimandum
785 2485 857 2529 est.
916 2483 1104 2526 Animus
1123 2481 1238 2526 enim
1259 2482 1451 2526 excelsus
1470 2498 1524 2527 eo

133 2553 320 2599 maxime
339 2552 613 2612 conspicitur,
635 2553 661 2596 fi
684 2568 825 2611 neque
844 2552 1095 2596 succumbat
1123 2550 1455 2606 calamitatibus,
1477 2560 1524 2596 et
1546 2560 1553 2563 '

131 2637 285 2684 graves
304 2622 480 2681 injurias
507 2622 727 2665 moderate
748 2621 872 2665 ferat.
930 2623 1079 2679 Atque
1107 2620 1164 2663 est
1193 2619 1446 2677 optandum,
1467 2637 1523 2665 ne

132 2690 230 2734 haec
260 2691 477 2734 neceflitas
506 2690 706 2734 offeratur
734 2689 987 2733 infelicitate
1006 2688 1100 2732 viri.
1161 2687 1207 2731 Si
1237 2702 1324 2746 qua
1349 2703 1450 2732 vero
1475 2689 1522 2734 in

133 2757 374 2818 hujusmodi
393 2758 589 2802 inciderit
607 2758 833 2812 miseriam,
865 2773 915 2801 ea
946 2757 1136 2816 cogitare
1160 2756 1307 2810 debet,
1328 2755 1522 2814 speciosae

134 2825 274 2872 laudis
306 2827 526 2872 materiam
563 2827 635 2871 fibi
671 2826 849 2886 praeberi
882 2841 1011 2886 quam
1045 2825 1265 2870 honestate
1300 2825 1517 2870 actionum

764 2909 796 2939 x
814 2910 842 2940 x
860 2910 885 2953 3
