1942 3320
461 187 561 232 ⁴394
872 200 874 202 ·
908 179 1400 234 ARISTOTELIS

477 295 691 339 Quocirca
707 298 873 342 videtur
891 315 955 344 ars
973 303 1162 359 pecuniae
1173 302 1418 359 ›quaerendae
1436 301 1618 346 maxime
1635 300 1678 345 in
1698 314 1828 351 num

474 362 637 416 versari,
658 372 701 406 et
719 366 808 423 ejus
824 367 907 410 >effe
923 382 1094 422 munus,
1113 370 1224 413 unde
1241 369 1425 412 maxima
1442 368 1503 410 vis
1522 367 1826 425 pecuniae-sun·

474 437 609 486 petat,
630 431 771 475 videre
800 448 850 476 ac
879 434 1079 492 dispicere
1103 436 1225 492 poffe.
1283 435 1547 481 Existimatur
1575 433 1691 484 enim
1715 433 1826 484 divi-

473 495 627 540 tiarum
647 507 690 541 et
709 500 981 556 pecuniarum
1009 503 1130 548 causa
1157 502 1340 545 efficiens
1363 502 1457 544 effe.
1514 501 1694 544 Divitias
1712 500 1827 546 enim

456 565 755 622 saepenumero
785 570 969 612 statuunt
997 584 1221 612 numorum
1249 569 1593 621 multitudinem,
1610 575 1826 625 propterea

472 633 588 690 quod
603 648 666 677 ars
686 636 876 692 pecuniae
904 637 1157 694 quaerendae,
1177 646 1220 679 et
1239 644 1472 679 mercatura
1497 634 1821 691 cauponariajin

471 700 551 744 hac
570 717 614 745 re
633 703 855 748 versentur.
895 705 1112 748 Interdum
1132 720 1230 746 vero
1249 712 1394 746 contra
1412 703 1683 760 nugatorium
1694 701 1821 760 quid·

470 769 567 811 dam
588 770 751 813 videtur
775 771 854 814 effe
882 787 1054 824 numus,
1074 780 1117 815 et
1144 772 1241 829 lege
1267 771 1430 828 prorsus
1458 769 1820 821 constarejmussm

466 845 622 879 autem*
638 846 813 884 natura:
845 839 946 895 quia
978 840 1053 882 ubi
1083 840 1157 897 qui
1186 855 1237 881 eo
1266 848 1458 890 utuntur,
1488 852 1586 880 eum
1619 836 1819 881 immuta-

464 912 581 955 runt,
599 904 721 947 nihili
739 906 812 956 est,
831 921 969 963 neque
986 907 1041 948 ad
1060 907 1189 949 ullam
1207 921 1296 949 rem
1315 905 1576 948 neceffariam
1595 903 1819 962 parandam

464 971 521 1012 est
550 970 680 1024 utilis,
700 980 744 1015 et
763 973 869 1029 saepe
899 974 1064 1016 evenire
1092 974 1223 1030 potest
1241 982 1288 1016 ut
1306 973 1342 1016 is
1362 973 1435 1030 qui
1465 973 1605 1015 numis
1635 972 1816 1021 circum-

463 1038 572 1091 fluit,
594 1040 717 1082 rebus
736 1039 788 1082 ad
807 1040 969 1083 victum
990 1041 1220 1084 neceffariis
1247 1050 1387 1098 egeat.
1444 1039 1579 1097 Atqui
1596 1039 1816 1086 absurdum

463 1106 520 1150 est
540 1106 658 1148 taleis
678 1107 756 1150 effe
776 1107 956 1161 divitias,
979 1108 1134 1166 quibus
1163 1108 1236 1166 qui
1261 1108 1461 1158 abundat,
1481 1106 1591 1153 fame
1610 1106 1817 1163 peritur-us

462 1172 547 1215 est:
594 1173 951 1230 quemadmodum
985 1183 1029 1217 et
1065 1175 1231 1218 Midam
1267 1174 1390 1218 illum
1423 1173 1676 1226 fabulantun'
1715 1187 1814 1222 cum

383 1239 451 1283 20
463 1240 618 1293 omnia,
651 1256 745 1298 quae
775 1242 811 1284 ei
846 1243 1176 1300 apponebantur,
1197 1250 1378 1299 *propter
1406 1249 1598 1298 optatum
1623 1240 1813 1298 inexpief-

448 1307 560 1360 -bile,
581 1323 705 1351 aurea
724 1309 884 1352 fierent.
921 1309 1131 1353 Quocirca
1148 1309 1250 1351 alias
1269 1317 1460 1366 quaerunt
1479 1308 1645 1353 divitias
1659 1308 1812 1359 aliam-

457 1389 543 1431 que
576 1376 765 1432 pecuniae
799 1376 1038 1434 quaerendae
1070 1376 1303 1420 rationem:
1334 1385 1379 1418 et
1415 1376 1567 1418 merito
1600 1385 1810 1434 quaerunt.

455 1443 557 1486 Alia
584 1443 697 1485 enim
725 1444 914 1501 pecuniae
944 1444 1181 1502 quaerendae
1200 1444 1307 1486 ratio
1333 1444 1405 1496 est,
1427 1443 1605 1500 aliaeque
1622 1443 1807 1493 divitiae:

454 1516 607 1567 nempe
626 1519 788 1554 naturae
815 1520 1096 1569 congruentes
1125 1520 1168 1555 et
1194 1510 1495 1554 consentaneae.
1552 1510 1697 1568 Atque
1717 1508 1810 1554 haec

419 1595 421 1597 ¹
454 1576 628 1633 quidem
656 1575 710 1620 ad
737 1578 944 1623 rationem
973 1579 1034 1621 rei
1062 1578 1282 1622 familiaris
1301 1578 1468 1629 tuendae
1492 1577 1702 1635 pertinet:
1736 1577 1811 1622 illa

453 1654 599 1687 autem
627 1646 877 1703 cauponaria
898 1647 970 1698 est,
989 1661 1084 1703 quae
1103 1646 1292 1703 pecuniae
1311 1646 1495 1688 effectrix
1514 1645 1570 1688 est
1589 1645 1810 1698 nonomni

452 1712 598 1765 modo,
637 1713 708 1755 sed
744 1713 937 1771 pecuniae
972 1714 1308 1771 permutatione:
1351 1720 1396 1756 et
1433 1713 1598 1756 videtur
1634 1713 1726 1759 baec
1763 1713 1808 1756 in

452 1793 584 1820 numo
605 1780 767 1822 versari.
823 1782 870 1824 N
873 1796 995 1823 umus
1014 1781 1128 1830 enim
1156 1782 1416 1824 elementum
1435 1791 1478 1824 et
1497 1789 1731 1824 extremum
1750 1783 1816 1825 est·

449 1847 787 1902 permutationis.
846 1848 1027 1891 Infinitae
1059 1848 1190 1906 igitur
1217 1849 1311 1893 sunt
1343 1849 1412 1890 hae
1439 1847 1599 1891 divitiae
1624 1863 1720 1905 quae
1740 1849 1805 1899 ‚ab

448 1914 528 1956 hac
548 1915 739 1971 pecuniae
764 1916 1002 1972 quaerendae
1019 1916 1179 1960 ratione
1198 1916 1527 1972 proficiscuntur.
1586 1916 1804 1960 Quemad-

446 1982 623 2024 modum
642 1983 755 2025 enim
774 1983 984 2026 medicina
1009 1983 1176 2026 sanandi
1207 1983 1358 2040 cupida
1376 1985 1434 2026 est
1453 1983 1581 2040 usque
1599 1983 1644 2025 in
1662 1979 1802 2030 infini-

446 2055 569 2090 tum:
601 2056 644 2090 et
673 2063 936 2106 unaquaeque
965 2064 1030 2091 ars
1057 2049 1183 2091 finem
1210 2050 1332 2097 suum
1359 2049 1519 2106 expetit
1547 2049 1590 2091 in
1619 2049 1802 2093 immen-

443 2115 535 2158 sum
553 2132 564 2157 t
594 2131 722 2173 quam
750 2117 934 2159 maxime
952 2117 1068 2160 enim
1087 2117 1209 2159 illum
1228 2117 1425 2174 consequi
1445 2126 1488 2159 et
1508 2117 1670 2160 efficere
1689 2112 1801 2161 vult:

433 2198 493 2224 ea
519 2193 661 2226 autem
695 2199 789 2241 quae
818 2185 874 2227 ad
903 2185 1030 2226 finem
1050 2185 1280 2241 pertinent,
1307 2199 1391 2229 non
1421 2185 1677 2242 persequitur
1704 2185 1818 2239 infi·,

442 2250 553 2293 nite:
574 2251 771 2294 omnibus
787 2251 901 2294 enim
918 2252 1096 2304 artibus,
1117 2252 1210 2294 finis
1225 2252 1281 2294 est
1296 2260 1552 2294 extremum:
1574 2252 1634 2294 ita
1651 2261 1696 2295 et
1713 2253 1798 2296 hu-

433 2317 506 2375 jus
526 2318 688 2361 ratione
717 2319 904 2376 pecuniae
932 2319 1171 2376 quaerendae
1199 2318 1291 2360 finis
1321 2318 1487 2361 nullum
1514 2319 1642 2362 babet
1659 2329 1799 2369 extre,-

441 2400 577 2428 mum.
637 2386 736 2443 Ejus
756 2396 897 2429 autem
925 2386 1097 2429 rationis
1118 2387 1211 2428 finis
1230 2386 1324 2429 sunt
1343 2386 1447 2436 tales
1466 2386 1641 2439 divitiae,
1660 2395 1704 2430 et
1717 2396 1798 2444 pe-

439 2453 659 2495 cuniarum
678 2454 872 2510 poffeffio.
932 2454 1119 2496 Rationis
1141 2453 1470 2504 autem-tuendae
1488 2454 1549 2497 rei
1567 2454 1798 2507 familiaris,

432 2534 524 2561 -non
554 2521 726 2563 rationis
755 2522 944 2578 pecuniae
974 2522 1226 2579 quaerendae,
1257 2521 1429 2578 aliquod
1456 2522 1514 2564 est
1542 2531 1795 2567 extremum·

437 2587 540 2629 Non
570 2589 685 2630 enim
712 2589 768 2630 est
800 2589 881 2631 hoc
900 2589 1082 2631 rrationis
1110 2588 1280 2631 tuendae
1299 2588 1356 2630 rei
1377 2587 1593 2630 familiaris
1621 2603 1794 2641 munus,

437 2668 530 2696 rem
548 2669 718 2711 augere.
778 2656 1042 2712 Quapropter
1062 2655 1162 2698 huic
1181 2655 1355 2712 quidem
1375 2655 1617 2698 neceffarius
1633 2654 1797 2699 videtur

437 2722 518 2762 effe
540 2723 732 2765 omnium
752 2722 994 2765 divitiarum
1015 2723 1233 2765 terminus.
1293 2722 1377 2764 Sed
1396 2722 1439 2763 in
1458 2721 1510 2764 iis
1530 2737 1626 2779 quae
1645 2721 1699 2763 in·
1710 2722 1796 2767 vita

436 2789 680 2846 quotidiana
717 2790 837 2844 fiunt,
875 2789 1129 2834 contrarium
1157 2789 1280 2835 video
1308 2789 1384 2833 usu
1419 2790 1572 2835 venire.
1631 2790 1794 2837 Omnes
