1898 3308
224 2382 295 2421 VI.

446 198 532 253 506
892 200 1392 248 ARISTOTELIS

440 318 667 378 participes
695 334 781 365 non
813 321 920 367 sint:
951 324 1023 368 sed
1051 324 1108 378 ei,
1135 324 1210 383 qui
1239 333 1401 369 tantam
1423 338 1514 368 rem
1544 322 1820 376 habm2ui÷
1893 378 1898 385 1

441 386 625 444 publicae
643 389 1015 436 administrationis
1039 393 1231 451 participi
1251 394 1330 438 effe
1351 393 1492 437 liceat.
1547 389 1820 445 Aliudpoum

441 469 495 498 ex
525 457 663 515 parvis
691 459 882 503 censibus
913 471 1110 504 creantur
1139 461 1437 520 magistratus:
1469 469 1514 504 et
1536 459 1615 518 -ipfi
1633 458 1820 517 eousqui

440 523 607 578 desunt,
642 537 859 585 coeptant.
918 528 965 571 Si
998 528 1134 586 igitur
1161 544 1215 572 ex
1247 529 1315 572 his
1343 529 1560 582 omnibus,
1588 527 1665 586 qui
1690 526 1821 573 oensu

440 590 537 636 sunt
556 594 756 652 aequales,
778 595 862 638 hoc
881 595 1063 639 faciant:
1095 596 1285 640 videatur
1304 597 1387 640 hoc
1406 597 1490 639 effe
1505 595 1650 654 potius
1662 594 1819 642 ›aristo-

441 660 664 714 craticum,
705 663 731 705 fi
770 677 870 706 vero
907 678 960 707 ex
1000 664 1253 723 quibusdam
1301 664 1445 717 certis,
1490 662 1820 722 oligmbioum.

440 727 575 772 Aliud
605 738 746 773 autem
778 730 1026 788 oligarehiae
1055 747 1194 790 genus
1228 733 1301 786 est,
1332 747 1433 776 cum
1466 731 1580 775 filius
1599 730 1658 775 im
1674 729 1820 776 locum

440 796 570 853 patris
599 797 845 851 succedenS,
874 799 1160 857 magistratum
1190 800 1320 858 capit.
1378 801 1612 852 Quartum,
1638 813 1743 845 oum
1775 805 1823 840 et

441 862 486 906 id
503 863 620 922 quod
640 879 754 908 nune
773 865 935 918 dietum
956 867 1030 919 est,
1049 868 1287 925 usurpatur,
1317 876 1363 912 et
1379 866 1820 926 *magistmtnmjmpe-f

441 940 552 983 rant,
571 946 656 973 non
675 932 805 991 Jeges¹
827 949 837 976 ε
870 940 997 990 atque
1015 933 1099 977 hoc
1119 949 1256 992 genus
1284 935 1329 978 in
1356 933 1823 993 oligarchiiz‹alm.ex

441 1007 558 1056 parte
579 999 710 1043 veluti
739 1001 950 1058 tyrannidi
980 1002 1201 1060 respondet
1219 1003 1263 1045 in
1283 1003 1568 1047 monarchiiez
1599 1001 1718 1046 wei
1740 1000 1820 1044 de-

442 1068 674 1119 mocratiae,
694 1067 747 1110 de
766 1083 850 1126 qua
869 1070 1074 1127 postremo
1103 1069 1201 1113 loco
1227 1070 1429 1123 diximus,
1450 1071 1494 1116 in
1517 1068 1788 1119 ὀοωῠοῐόῐὶῖδ
1806 1085 1818 1112 ²

440 1134 656 1192 talemque
685 1135 980 1193 oligarchiam,
1010 1137 1258 1197 dynastiam,
1278 1138 1323 1185 id
1344 1138 1417 1190 est,
1438 1145 1723 1195 potentatum,
1735 1150 1819 1194 ap·-

440 1202 617 1259 pellant.
676 1203 939 1262 Oligarchiae
959 1204 1093 1263 igitur
1111 1213 1155 1261 et
1175 1205 1447 1251 democratiae
1475 1214 1542 1249 tot
1567 1201 1820 1263 fiunt-gene·

441 1286 502 1314 ra.
561 1273 763 1331 Ignorare
791 1283 935 1317 autem
967 1290 1050 1317 non
1081 1283 1264 1333 oportet,
1284 1275 1436 1319 multis
1453 1275 1498 1319 in
1518 1275 1627 1319 locis
1643 1273 1822 1322 'evenire

441 1347 493 1382 ut
519 1340 765 1398 reipublicae
797 1341 1134 1386 administrandae
1163 1343 1271 1386 ratio
1303 1343 1587 1386 consentanea
1612 1357 1710 1391 cum
1737 1342 1822 1386 suis

331 1408 427 1451 145
443 1406 613 1465 legibus
633 1423 718 1451 non
753 1409 801 1451 fit
829 1409 903 1451 illa
927 1409 1098 1467 quidem
1129 1410 1372 1467 popularis:
1403 1410 1472 1453 sed
1492 1419 1666 1468 propter
1682 1402 1843 1453 mores'

442 1485 488 1519 et
506 1476 704 1519 institutae
727 1476 826 1519 vitae
853 1477 1059 1520 rationem
1091 1478 1350 1535 populariter
1381 1478 1530 1522 civitas
1560 1477 1821 1522 administre-

441 1553 529 1586 tur.
589 1546 786 1602 Itemque
815 1545 954 1587 rursus
978 1545 1090 1602 apud
1108 1545 1214 1588 alios
1232 1555 1282 1589 ut
1300 1545 1609 1589 administratio
1621 1545 1822 1598 civitatis,

440 1627 536 1669 quae
557 1612 789 1656 consentiat
808 1612 992 1670 legibus,
1014 1613 1062 1656 fit
1081 1613 1343 1672 aliquantum
1364 1613 1602 1671 popularis-z
1632 1613 1822 1661 instituto

439 1680 540 1722 vitae
571 1688 616 1722 et
647 1680 853 1732 moribus,
878 1681 925 1722 fit
957 1695 1190 1738 paucorum
1222 1680 1448 1738 imperium
1478 1681 1650 1738 potius:
1681 1680 1822 1724 evenit

439 1757 585 1790 autem
606 1747 690 1791 hoe
709 1748 893 1791 maxime
914 1748 1088 1791 mutatis
1109 1748 1354 1806 reipublicae
1377 1748 1714 1792 administrandae
1732 1747 1819 1791 for-

439 1814 537 1856 mis.
595 1816 698 1858 Non
728 1815 842 1858 enim
873 1816 1008 1858 statim
1041 1816 1345 1859 consueverunt
1370 1815 1567 1865 homines
1582 1815 1820 1868 immutari,

390 1934 393 1937 χ
439 1883 547 1926 etin
569 1883 674 1926 alios
697 1899 836 1927 mores
865 1883 1175 1941 commigrare:
1205 1884 1275 1926 sed
1306 1884 1404 1927 satis
1432 1884 1591 1927 habent
1617 1883 1772 1942 primo,
1793 1885 1819 1934 si

439 1964 574 2006 pauca
605 1950 677 1992 alii
709 1951 764 1993 ab
798 1950 906 2003 aliis,
941 1952 1052 2009 quafi
1090 1950 1186 2008 plus
1218 1950 1373 1994 habere
1408 1951 1648 2008 cupientes,
1680 1951 1820 1995 detra-

439 2018 561 2071 hant,
599 2019 757 2077 fibique
797 2019 1013 2062 affumant.
1077 2019 1225 2076 Itaque
1263 2018 1382 2075 leges
1405 2019 1593 2076 ‘quidem
1629 2029 1820 2072 manent,

439 2101 537 2143 quae
557 2095 678 2128 erant
701 2095 839 2138 antea,
867 2085 939 2129 sed
967 2087 1202 2143 superiores
1230 2085 1340 2140 sunt,
1370 2086 1446 2144 qui
1479 2080 1819 2144 reipublicae'ad·

433 2154 720 2198 ministrandae
740 2154 921 2198 formam
942 2153 1189 2198 immutant.

986 2270 1264 2292 ——-—*--—-

990 2363 1084 2408 CA
1101 2364 1148 2407 P.
1192 2363 1274 2407 VI.

594 2476 747 2519 Probat
767 2484 822 2519 tot
840 2476 911 2534 effi’
929 2476 1178 2519 democratiae
1196 2485 1233 2519 et
1249 2475 1480 2535 oligarchz'ae
1493 2472 1669 2534 genera.¹

493 2566 623 2608 TOT
641 2574 783 2608 autem
796 2565 876 2608 effe
894 2566 1161 2609 democratiae
1180 2574 1223 2609 et
1243 2565 1485 2623 oligarchiae
1505 2580 1676 2623 genera,
1695 2580 1748 2609 ex
1766 2566 1821 2611 iis

436 2633 531 2690 ipsis
551 2648 649 2690 quae
667 2633 782 2675 dieta
811 2633 1191 2691 sung-intelligere
1223 2633 1342 2676 licet.
1400 2633 1577 2675 Necesse
1604 2633 1719 2675 enim
1747 2635 1834 2687 esi,⁴

437 2709 511 2744 aut
530 2716 629 2743 cum
652 2701 851 2743 omnibus
882 2701 966 2743 inis
995 2701 1139 2758 populi
1167 2701 1373 2758 partibus,
1393 2715 1489 2758 quae
1507 2701 1533 2743 a
1551 2700 1677 2743 nobis
1695 2715 1817 2743 com-

435 2778 685 2813 memoratae
722 2769 833 2821 sunt,
865 2769 1108 2826 reipublicae
1148 2768 1818 2816 administrationemvcommuni-

437 2838 553 2881 cari:
584 2848 660 2882 aut
691 2853 789 2882 cum
829 2838 895 2882 his
926 2838 1251 2894 communicari,
1289 2853 1389 2882 cum
1424 2836 1509 2888 illis
1541 2853 1645 2882 non.
1705 2839 1818 2887 Cum
