<?xml version="1.0" encoding="UTF-8"?>
<!DOCTYPE html PUBLIC "-//W3C//DTD XHTML 1.0 Transitional//EN"
    "http://www.w3.org/TR/xhtml1/DTD/xhtml1-transitional.dtd">
<html xmlns="http://www.w3.org/1999/xhtml" xml:lang="en" lang="en">
 <head>
  <title>
</title>
<meta http-equiv="Content-Type" content="text/html;charset=utf-8" />
  <meta name='ocr-system' content='tesseract 3.04.00' />
  <meta name='ocr-capabilities' content='ocr_page ocr_carea ocr_par ocr_line ocrx_word'/>
</head>
<body>
  <div class='ocr_page' id='page_1' title='image "./politicagreeklat02arisuoft_0280.png"; bbox 0 0 1898 3308; ppageno 0'>
   <div class='ocr_carea' id='block_1_1' title="bbox 412 171 1367 230">
    <p class='ocr_par' dir='ltr' id='par_1_1' title="bbox 412 171 1367 230">
     <span class='ocr_line' id='line_1_1' title="bbox 412 171 1367 230; baseline 0.001 -11"><span class='ocrx_word' id='word_1_1' title='bbox 412 180 500 230; x_wconf 77' lang='lat'><strong>504</strong></span> <span class='ocrx_word' id='word_1_2' title='bbox 747 203 754 210; x_wconf 80' lang='lat'><em>.</em></span> <span class='ocrx_word' id='word_1_3' title='bbox 855 171 1367 221; x_wconf 47' lang='lat' dir='ltr'>ARISTOTELIS</span> 
     </span>
    </p>
   </div>
   <div class='ocr_carea' id='block_1_2' title="bbox 411 292 1796 1512">
    <p class='ocr_par' dir='ltr' id='par_1_2' title="bbox 411 292 1796 1512">
     <span class='ocr_line' id='line_1_2' title="bbox 412 292 1791 358; baseline 0.004 -21"><span class='ocrx_word' id='word_1_4' title='bbox 412 296 589 353; x_wconf 76' lang='lat' dir='ltr'><strong>egentes</strong></span> <span class='ocrx_word' id='word_1_5' title='bbox 608 304 622 339; x_wconf 73' lang='lat'><strong>:⁴</strong></span> <span class='ocrx_word' id='word_1_6' title='bbox 651 296 877 356; x_wconf 82' lang='lat' dir='ltr'><strong>neutrique</strong></span> <span class='ocrx_word' id='word_1_7' title='bbox 893 297 1079 342; x_wconf 85' lang='lat' dir='ltr'><strong>habeant</strong></span> <span class='ocrx_word' id='word_1_8' title='bbox 1097 300 1306 342; x_wconf 85' lang='lat' dir='ltr'><strong>summam</strong></span> <span class='ocrx_word' id='word_1_9' title='bbox 1335 298 1631 345; x_wconf 64' lang='lat' dir='ltr'><strong>auetoritaten</strong></span> <span class='ocrx_word' id='word_1_10' title='bbox 1650 292 1791 358; x_wconf 55' lang='lat' dir='ltr'><strong>‹9th&amp;</strong></span> 
     </span>
     <span class='ocr_line' id='line_1_3' title="bbox 413 362 1790 425; baseline 0.004 -19"><span class='ocrx_word' id='word_1_11' title='bbox 413 364 621 418; x_wconf 85' lang='lat' dir='ltr'><strong>testatem,</strong></span> <span class='ocrx_word' id='word_1_12' title='bbox 642 366 710 409; x_wconf 88' lang='lat' dir='ltr'><strong>sed</strong></span> <span class='ocrx_word' id='word_1_13' title='bbox 741 368 912 425; x_wconf 86' lang='lat' dir='ltr'><strong>utrique</strong></span> <span class='ocrx_word' id='word_1_14' title='bbox 940 369 1019 411; x_wconf 88' lang='lat' dir='ltr'><strong>fint</strong></span> <span class='ocrx_word' id='word_1_15' title='bbox 1046 369 1214 412; x_wconf 86' lang='lat' dir='ltr'><strong>fimiles.</strong></span> <span class='ocrx_word' id='word_1_16' title='bbox 1273 370 1390 412; x_wconf 89' lang='lat' dir='ltr'><strong>Nam</strong></span> <span class='ocrx_word' id='word_1_17' title='bbox 1411 368 1437 411; x_wconf 84' lang='lat' dir='ltr'>fi</span> <span class='ocrx_word' id='word_1_18' title='bbox 1457 362 1790 413; x_wconf 59' lang='lat' dir='ltr'><strong>libertaiiwde-</strong></span> 
     </span>
     <span class='ocr_line' id='line_1_4' title="bbox 413 433 1790 496; baseline 0.004 -22"><span class='ocrx_word' id='word_1_19' title='bbox 413 433 618 476; x_wconf 78' lang='lat' dir='ltr'><strong>mocratia</strong></span> <span class='ocrx_word' id='word_1_20' title='bbox 638 435 693 477; x_wconf 86' lang='lat' dir='ltr'><strong>est</strong></span> <span class='ocrx_word' id='word_1_21' title='bbox 713 436 899 481; x_wconf 86' lang='lat' dir='ltr'><strong>maxime</strong></span> <span class='ocrx_word' id='word_1_22' title='bbox 923 438 1302 494; x_wconf 85' lang='lat' dir='ltr'>(quemadmodum</span> <span class='ocrx_word' id='word_1_23' title='bbox 1333 438 1507 496; x_wconf 83' lang='lat' dir='ltr'><strong>quidam</strong></span> <span class='ocrx_word' id='word_1_24' title='bbox 1531 437 1790 489; x_wconf 63' lang='lat' dir='ltr'><strong>existimant)</strong></span> 
     </span>
     <span class='ocr_line' id='line_1_5' title="bbox 412 499 1791 560; baseline 0.004 -18"><span class='ocrx_word' id='word_1_25' title='bbox 412 508 459 542; x_wconf 89' lang='lat' dir='ltr'><strong>et</strong></span> <span class='ocrx_word' id='word_1_26' title='bbox 493 502 727 560; x_wconf 73' lang='lat' dir='ltr'><strong>aequalitas,</strong></span> <span class='ocrx_word' id='word_1_27' title='bbox 758 503 839 547; x_wconf 87' lang='lat' dir='ltr'><strong>hac</strong></span> <span class='ocrx_word' id='word_1_28' title='bbox 871 505 1057 547; x_wconf 83' lang='lat' dir='ltr'><strong>maxime</strong></span> <span class='ocrx_word' id='word_1_29' title='bbox 1086 505 1250 548; x_wconf 87' lang='lat' dir='ltr'><strong>ratione</strong></span> <span class='ocrx_word' id='word_1_30' title='bbox 1277 504 1422 558; x_wconf 87' lang='lat' dir='ltr'><strong>fuerit,</strong></span> <span class='ocrx_word' id='word_1_31' title='bbox 1444 505 1614 549; x_wconf 65' lang='lat' dir='ltr'><strong>{linter</strong></span> <span class='ocrx_word' id='word_1_32' title='bbox 1635 499 1791 549; x_wconf 62' lang='lat' dir='ltr'><strong>‘omnes</strong></span> 
     </span>
     <span class='ocr_line' id='line_1_6' title="bbox 413 568 1791 629; baseline 0.001 -18"><span class='ocrx_word' id='word_1_33' title='bbox 413 568 570 625; x_wconf 87' lang='lat' dir='ltr'><strong>pariter</strong></span> <span class='ocrx_word' id='word_1_34' title='bbox 588 570 716 614; x_wconf 87' lang='lat' dir='ltr'><strong>fuerit</strong></span> <span class='ocrx_word' id='word_1_35' title='bbox 732 571 979 629; x_wconf 85' lang='lat' dir='ltr'><strong>reipublicae</strong></span> <span class='ocrx_word' id='word_1_36' title='bbox 1004 572 1303 629; x_wconf 85' lang='lat' dir='ltr'><strong>administratio</strong></span> <span class='ocrx_word' id='word_1_37' title='bbox 1328 571 1573 616; x_wconf 73' lang='lat' dir='ltr'><strong>communis</strong></span> <span class='ocrx_word' id='word_1_38' title='bbox 1587 571 1791 620; x_wconf 60' lang='lat' dir='ltr'><strong>mamare.</strong></span> 
     </span>
     <span class='ocr_line' id='line_1_7' title="bbox 416 636 1791 696; baseline 0.001 -17"><span class='ocrx_word' id='word_1_39' title='bbox 416 636 633 680; x_wconf 80' lang='lat' dir='ltr'><strong>Quoniam</strong></span> <span class='ocrx_word' id='word_1_40' title='bbox 656 649 799 681; x_wconf 89' lang='lat' dir='ltr'><strong>autem</strong></span> <span class='ocrx_word' id='word_1_41' title='bbox 819 639 1000 696; x_wconf 89' lang='lat' dir='ltr'><strong>populus</strong></span> <span class='ocrx_word' id='word_1_42' title='bbox 1021 639 1296 682; x_wconf 87' lang='lat' dir='ltr'><strong>multitudine</strong></span> <span class='ocrx_word' id='word_1_43' title='bbox 1326 648 1370 682; x_wconf 90' lang='lat' dir='ltr'><strong>et</strong></span> <span class='ocrx_word' id='word_1_44' title='bbox 1397 652 1576 683; x_wconf 79' lang='lat' dir='ltr'><strong>numero</strong></span> <span class='ocrx_word' id='word_1_45' title='bbox 1594 639 1763 696; x_wconf 58' lang='lat' dir='ltr'><strong>sumt·</strong></span> <span class='ocrx_word' id='word_1_46' title='bbox 1778 653 1791 680; x_wconf 71' lang='grc' dir='ltr'><em>τ</em></span> 
     </span>
     <span class='ocr_line' id='line_1_8' title="bbox 414 701 1792 764; baseline 0 -16"><span class='ocrx_word' id='word_1_47' title='bbox 414 704 461 748; x_wconf 89' lang='lat' dir='ltr'><strong>id</strong></span> <span class='ocrx_word' id='word_1_48' title='bbox 480 714 623 748; x_wconf 86' lang='lat' dir='ltr'><strong>autem</strong></span> <span class='ocrx_word' id='word_1_49' title='bbox 644 707 759 764; x_wconf 91' lang='lat' dir='ltr'><strong>quod</strong></span> <span class='ocrx_word' id='word_1_50' title='bbox 780 722 802 749; x_wconf 90' lang='lat' dir='ltr'><strong>a</strong></span> <span class='ocrx_word' id='word_1_51' title='bbox 821 707 1014 764; x_wconf 85' lang='lat' dir='ltr'><strong>pluribus</strong></span> <span class='ocrx_word' id='word_1_52' title='bbox 1032 723 1210 750; x_wconf 88' lang='lat' dir='ltr'><strong>numero</strong></span> <span class='ocrx_word' id='word_1_53' title='bbox 1229 708 1448 751; x_wconf 88' lang='lat' dir='ltr'><strong>decretum</strong></span> <span class='ocrx_word' id='word_1_54' title='bbox 1468 707 1542 759; x_wconf 85' lang='lat' dir='ltr'><strong>est,</strong></span> <span class='ocrx_word' id='word_1_55' title='bbox 1556 701 1792 758; x_wconf 56' lang='lat' dir='ltr'><strong>most,</strong></span> 
     </span>
     <span class='ocr_line' id='line_1_9' title="bbox 414 771 1791 832; baseline 0 -17"><span class='ocrx_word' id='word_1_56' title='bbox 414 771 526 816; x_wconf 87' lang='lat' dir='ltr'><strong>hanc</strong></span> <span class='ocrx_word' id='word_1_57' title='bbox 548 774 627 816; x_wconf 83' lang='lat' dir='ltr'><strong>effe</strong></span> <span class='ocrx_word' id='word_1_58' title='bbox 648 774 950 817; x_wconf 85' lang='lat' dir='ltr'><strong>democratiam</strong></span> <span class='ocrx_word' id='word_1_59' title='bbox 982 775 1142 818; x_wconf 85' lang='lat' dir='ltr'><strong>neoeffe</strong></span> <span class='ocrx_word' id='word_1_60' title='bbox 1173 776 1244 818; x_wconf 89' lang='lat' dir='ltr'><strong>est.</strong></span> <span class='ocrx_word' id='word_1_61' title='bbox 1305 777 1456 818; x_wconf 89' lang='lat' dir='ltr'><strong>Unum</strong></span> <span class='ocrx_word' id='word_1_62' title='bbox 1484 773 1791 832; x_wconf 60' lang='lat' dir='ltr'><strong>igituredemo-</strong></span> 
     </span>
     <span class='ocr_line' id='line_1_10' title="bbox 414 841 1792 901; baseline 0.001 -18"><span class='ocrx_word' id='word_1_63' title='bbox 414 841 558 895; x_wconf 75' lang='lat' dir='ltr'><strong>cratiae</strong></span> <span class='ocrx_word' id='word_1_64' title='bbox 578 857 716 900; x_wconf 85' lang='lat' dir='ltr'><strong>genus</strong></span> <span class='ocrx_word' id='word_1_65' title='bbox 736 842 819 884; x_wconf 90' lang='lat' dir='ltr'><strong>hoc</strong></span> <span class='ocrx_word' id='word_1_66' title='bbox 839 844 897 885; x_wconf 87' lang='lat' dir='ltr'><strong>est</strong></span> <span class='ocrx_word' id='word_1_67' title='bbox 914 859 925 884; x_wconf 73' lang='grc' dir='ltr'><strong>ε</strong></span> <span class='ocrx_word' id='word_1_68' title='bbox 956 842 1073 886; x_wconf 87' lang='lat' dir='ltr'><strong>aliud</strong></span> <span class='ocrx_word' id='word_1_69' title='bbox 1091 844 1163 896; x_wconf 85' lang='lat' dir='ltr'><strong>est,</strong></span> <span class='ocrx_word' id='word_1_70' title='bbox 1184 843 1260 886; x_wconf 93' lang='lat' dir='ltr'><strong>ubi</strong></span> <span class='ocrx_word' id='word_1_71' title='bbox 1286 843 1560 901; x_wconf 68' lang='lat' dir='ltr'><strong>magistratuo</strong></span> <span class='ocrx_word' id='word_1_72' title='bbox 1580 841 1792 885; x_wconf 49' lang='lat' dir='ltr'><strong>emnem*</strong></span> 
     </span>
     <span class='ocr_line' id='line_1_11' title="bbox 412 909 1792 973; baseline 0 -21"><span class='ocrx_word' id='word_1_73' title='bbox 412 909 513 960; x_wconf 90' lang='lat' dir='ltr'><strong>bus,</strong></span> <span class='ocrx_word' id='word_1_74' title='bbox 535 910 609 966; x_wconf 88' lang='lat' dir='ltr'><strong>qui</strong></span> <span class='ocrx_word' id='word_1_75' title='bbox 631 918 771 952; x_wconf 88' lang='lat' dir='ltr'><strong>tamen</strong></span> <span class='ocrx_word' id='word_1_76' title='bbox 793 910 871 952; x_wconf 90' lang='lat' dir='ltr'><strong>fint</strong></span> <span class='ocrx_word' id='word_1_77' title='bbox 895 911 1059 968; x_wconf 86' lang='lat' dir='ltr'><strong>angusti</strong></span> <span class='ocrx_word' id='word_1_78' title='bbox 1078 919 1122 953; x_wconf 86' lang='lat' dir='ltr'><strong>et</strong></span> <span class='ocrx_word' id='word_1_79' title='bbox 1141 919 1305 963; x_wconf 85' lang='lat' dir='ltr'><strong>tenues,</strong></span> <span class='ocrx_word' id='word_1_80' title='bbox 1325 911 1595 973; x_wconf 51' lang='lat' dir='ltr'><strong>deferuntiffl&#39;</strong></span> <span class='ocrx_word' id='word_1_81' title='bbox 1624 909 1792 968; x_wconf 42' lang='lat' dir='ltr'><strong>sopor-⁷</strong></span> 
     </span>
     <span class='ocr_line' id='line_1_12' title="bbox 414 976 1791 1036; baseline 0.001 -17"><span class='ocrx_word' id='word_1_82' title='bbox 414 984 480 1019; x_wconf 90' lang='lat' dir='ltr'><strong>tet</strong></span> <span class='ocrx_word' id='word_1_83' title='bbox 498 987 659 1029; x_wconf 89' lang='lat' dir='ltr'><strong>autem,</strong></span> <span class='ocrx_word' id='word_1_84' title='bbox 680 977 719 1020; x_wconf 91' lang='lat' dir='ltr'><strong>ei</strong></span> <span class='ocrx_word' id='word_1_85' title='bbox 738 977 812 1035; x_wconf 89' lang='lat' dir='ltr'><strong>qui</strong></span> <span class='ocrx_word' id='word_1_86' title='bbox 831 993 922 1020; x_wconf 90' lang='lat' dir='ltr'><strong>rem</strong></span> <span class='ocrx_word' id='word_1_87' title='bbox 943 978 1087 1031; x_wconf 85' lang='lat' dir='ltr'><strong>habet,</strong></span> <span class='ocrx_word' id='word_1_88' title='bbox 1107 979 1402 1036; x_wconf 86' lang='lat' dir='ltr'><strong>magistratum·</strong></span> <span class='ocrx_word' id='word_1_89' title='bbox 1423 976 1623 1021; x_wconf 56' lang='lat' dir='ltr'><strong>obtineto*</strong></span> <span class='ocrx_word' id='word_1_90' title='bbox 1635 977 1762 1020; x_wconf 71' lang='lat' dir='ltr'><strong>licere</strong></span> <span class='ocrx_word' id='word_1_91' title='bbox 1778 994 1791 1020; x_wconf 65' lang='grc' dir='ltr'><strong>ι</strong></span> 
     </span>
     <span class='ocr_line' id='line_1_13' title="bbox 415 1044 1791 1103; baseline 0.001 -17"><span class='ocrx_word' id='word_1_92' title='bbox 415 1044 492 1102; x_wconf 90' lang='lat' dir='ltr'><strong>qui</strong></span> <span class='ocrx_word' id='word_1_93' title='bbox 523 1045 674 1098; x_wconf 85' lang='lat' dir='ltr'><strong>amifit,</strong></span> <span class='ocrx_word' id='word_1_94' title='bbox 705 1060 792 1087; x_wconf 90' lang='lat' dir='ltr'><strong>non</strong></span> <span class='ocrx_word' id='word_1_95' title='bbox 821 1046 1030 1088; x_wconf 86' lang='lat' dir='ltr'><strong>obtinere.</strong></span> <span class='ocrx_word' id='word_1_96' title='bbox 1089 1046 1225 1088; x_wconf 92' lang='lat' dir='ltr'><strong>Aliud</strong></span> <span class='ocrx_word' id='word_1_97' title='bbox 1255 1060 1393 1103; x_wconf 85' lang='lat' dir='ltr'><strong>genus</strong></span> <span class='ocrx_word' id='word_1_98' title='bbox 1412 1045 1701 1088; x_wconf 58' lang='lat' dir='ltr'><strong>democratioe</strong></span> <span class='ocrx_word' id='word_1_99' title='bbox 1717 1046 1791 1097; x_wconf 74' lang='lat' dir='ltr'><strong>est,</strong></span> 
     </span>
     <span class='ocr_line' id='line_1_14' title="bbox 415 1113 1794 1173; baseline 0.001 -17"><span class='ocrx_word' id='word_1_100' title='bbox 415 1114 492 1156; x_wconf 88' lang='lat' dir='ltr'><strong>ubi</strong></span> <span class='ocrx_word' id='word_1_101' title='bbox 513 1114 624 1157; x_wconf 85' lang='lat' dir='ltr'><strong>cives</strong></span> <span class='ocrx_word' id='word_1_102' title='bbox 644 1129 810 1167; x_wconf 87' lang='lat' dir='ltr'><strong>omnes,</strong></span> <span class='ocrx_word' id='word_1_103' title='bbox 831 1113 905 1171; x_wconf 91' lang='lat' dir='ltr'><strong>qui</strong></span> <span class='ocrx_word' id='word_1_104' title='bbox 925 1114 1056 1157; x_wconf 89' lang='lat' dir='ltr'><strong>modo</strong></span> <span class='ocrx_word' id='word_1_105' title='bbox 1075 1116 1128 1158; x_wconf 90' lang='lat' dir='ltr'><strong>ab</strong></span> <span class='ocrx_word' id='word_1_106' title='bbox 1149 1115 1267 1157; x_wconf 81' lang='lat' dir='ltr'><strong>omni</strong></span> <span class='ocrx_word' id='word_1_107' title='bbox 1300 1114 1564 1173; x_wconf 78' lang='lat' dir='ltr'><strong>obligatione</strong></span> <span class='ocrx_word' id='word_1_108' title='bbox 1577 1114 1714 1158; x_wconf 63' lang='lat' dir='ltr'><strong>liberi</strong></span> <span class='ocrx_word' id='word_1_109' title='bbox 1731 1124 1794 1157; x_wconf 74' lang='lat' dir='ltr'><strong>&#39;ac</strong></span> 
     </span>
     <span class='ocr_line' id='line_1_15' title="bbox 414 1182 1794 1241; baseline 0.001 -17"><span class='ocrx_word' id='word_1_110' title='bbox 414 1182 540 1224; x_wconf 85' lang='lat' dir='ltr'><strong>soluti</strong></span> <span class='ocrx_word' id='word_1_111' title='bbox 558 1182 668 1235; x_wconf 88' lang='lat' dir='ltr'><strong>sunt,</strong></span> <span class='ocrx_word' id='word_1_112' title='bbox 687 1182 935 1240; x_wconf 84' lang='lat' dir='ltr'><strong>reipublicae</strong></span> <span class='ocrx_word' id='word_1_113' title='bbox 961 1183 1330 1225; x_wconf 85' lang='lat' dir='ltr'><strong>administrationis</strong></span> <span class='ocrx_word' id='word_1_114' title='bbox 1350 1183 1446 1226; x_wconf 90' lang='lat' dir='ltr'><strong>sunt</strong></span> <span class='ocrx_word' id='word_1_115' title='bbox 1464 1182 1703 1241; x_wconf 65' lang='lat' dir='ltr'><strong>participes,</strong></span> <span class='ocrx_word' id='word_1_116' title='bbox 1723 1182 1794 1226; x_wconf 78' lang='lat' dir='ltr'><strong>fed</strong></span> 
     </span>
     <span class='ocr_line' id='line_1_16' title="bbox 415 1241 1796 1308; baseline 0.001 -16"><span class='ocrx_word' id='word_1_117' title='bbox 415 1258 559 1292; x_wconf 86' lang='lat' dir='ltr'><strong>tamen</strong></span> <span class='ocrx_word' id='word_1_118' title='bbox 594 1250 662 1292; x_wconf 88' lang='lat' dir='ltr'><strong>lex</strong></span> <span class='ocrx_word' id='word_1_119' title='bbox 695 1250 944 1292; x_wconf 76' lang='lat' dir='ltr'>dominatur</span> <span class='ocrx_word' id='word_1_120' title='bbox 977 1241 1116 1308; x_wconf 87' lang='lat' dir='ltr'><strong>atque</strong></span> <span class='ocrx_word' id='word_1_121' title='bbox 1138 1251 1333 1307; x_wconf 87' lang='lat' dir='ltr'><strong>imperat.</strong></span> <span class='ocrx_word' id='word_1_122' title='bbox 1377 1250 1526 1293; x_wconf 80' lang='lat' dir='ltr'><strong>-Aliud</strong></span> <span class='ocrx_word' id='word_1_123' title='bbox 1558 1257 1712 1308; x_wconf 71' lang='lat' dir='ltr'><strong>g‘e&#39;nus3</strong></span> <span class='ocrx_word' id='word_1_124' title='bbox 1741 1258 1796 1293; x_wconf 84' lang='lat' dir='ltr'><strong>ut</strong></span> 
     </span>
     <span class='ocr_line' id='line_1_17' title="bbox 415 1317 1792 1377; baseline 0 -17"><span class='ocrx_word' id='word_1_125' title='bbox 415 1319 630 1371; x_wconf 88' lang='lat' dir='ltr'><strong>omnibus,</strong></span> <span class='ocrx_word' id='word_1_126' title='bbox 651 1319 678 1360; x_wconf 86' lang='lat' dir='ltr'><strong>fi</strong></span> <span class='ocrx_word' id='word_1_127' title='bbox 698 1317 794 1375; x_wconf 87' lang='lat' dir='ltr'><strong>quis</strong></span> <span class='ocrx_word' id='word_1_128' title='bbox 815 1319 1013 1361; x_wconf 89' lang='lat' dir='ltr'><strong>modo-fit</strong></span> <span class='ocrx_word' id='word_1_129' title='bbox 1033 1318 1152 1372; x_wconf 91' lang='lat' dir='ltr'><strong>civis,</strong></span> <span class='ocrx_word' id='word_1_130' title='bbox 1164 1318 1237 1376; x_wconf 89' lang='lat' dir='ltr'><strong>jus</strong></span> <span class='ocrx_word' id='word_1_131' title='bbox 1253 1319 1301 1360; x_wconf 87' lang='lat' dir='ltr'><strong>fit</strong></span> <span class='ocrx_word' id='word_1_132' title='bbox 1321 1318 1544 1361; x_wconf 84' lang='lat' dir='ltr'><strong>obtinendi</strong></span> <span class='ocrx_word' id='word_1_133' title='bbox 1572 1318 1792 1377; x_wconf 77' lang='lat' dir='ltr'><strong>magistra-</strong></span> 
     </span>
     <span class='ocr_line' id='line_1_18' title="bbox 411 1385 1794 1443; baseline 0 -15"><span class='ocrx_word' id='word_1_134' title='bbox 411 1393 486 1429; x_wconf 89' lang='lat' dir='ltr'><strong>-tus</strong></span> <span class='ocrx_word' id='word_1_135' title='bbox 505 1403 515 1428; x_wconf 74' lang='grc' dir='ltr'><strong>ε</strong></span> <span class='ocrx_word' id='word_1_136' title='bbox 547 1387 606 1428; x_wconf 86' lang='lat' dir='ltr'><strong>ita</strong></span> <span class='ocrx_word' id='word_1_137' title='bbox 625 1395 767 1428; x_wconf 90' lang='lat' dir='ltr'><strong>tamen</strong></span> <span class='ocrx_word' id='word_1_138' title='bbox 789 1394 837 1429; x_wconf 92' lang='lat' dir='ltr'><strong>ut</strong></span> <span class='ocrx_word' id='word_1_139' title='bbox 856 1386 924 1428; x_wconf 87' lang='lat' dir='ltr'><strong>lex</strong></span> <span class='ocrx_word' id='word_1_140' title='bbox 944 1386 1138 1443; x_wconf 85' lang='lat' dir='ltr'><strong>imperet.</strong></span> <span class='ocrx_word' id='word_1_141' title='bbox 1195 1385 1332 1428; x_wconf 90' lang='lat' dir='ltr'><strong>Aliud</strong></span> <span class='ocrx_word' id='word_1_142' title='bbox 1359 1400 1515 1443; x_wconf 77' lang='lat' dir='ltr'><strong>genuS,</strong></span> <span class='ocrx_word' id='word_1_143' title='bbox 1536 1385 1794 1431; x_wconf 63' lang='lat' dir='ltr'><strong>ubicaetera</strong></span> 
     </span>
     <span class='ocr_line' id='line_1_19' title="bbox 412 1453 1795 1512; baseline -0.001 -15"><span class='ocrx_word' id='word_1_144' title='bbox 412 1454 590 1512; x_wconf 89' lang='lat' dir='ltr'><strong>quidem</strong></span> <span class='ocrx_word' id='word_1_145' title='bbox 609 1454 706 1496; x_wconf 86' lang='lat' dir='ltr'><strong>sunt</strong></span> <span class='ocrx_word' id='word_1_146' title='bbox 732 1454 879 1497; x_wconf 87' lang='lat' dir='ltr'><strong>eadem</strong></span> <span class='ocrx_word' id='word_1_147' title='bbox 898 1472 910 1496; x_wconf 73' lang='lat' dir='ltr'><strong><em>z</em></strong></span> <span class='ocrx_word' id='word_1_148' title='bbox 942 1469 1069 1510; x_wconf 84' lang='lat' dir='ltr'><strong>penes</strong></span> <span class='ocrx_word' id='word_1_149' title='bbox 1098 1453 1418 1497; x_wconf 86' lang='lat' dir='ltr'><strong>multitudinem</strong></span> <span class='ocrx_word' id='word_1_150' title='bbox 1439 1453 1795 1497; x_wconf 16' lang='lat' dir='ltr'><strong>verotestsumma</strong></span> 
     </span>
    </p>
   </div>
   <div class='ocr_carea' id='block_1_3' title="bbox 1827 0 1898 753">
    <p class='ocr_par' dir='ltr' id='par_1_3' title="bbox 1827 0 1898 753">
     <span class='ocr_line' id='line_1_20' title="bbox 1827 0 1898 753; baseline 0 2555"><span class='ocrx_word' id='word_1_151' title='bbox 1827 0 1898 753; x_wconf 95' lang='lat' dir='ltr'><strong> </strong></span> 
     </span>
    </p>
   </div>
   <div class='ocr_carea' id='block_1_4' title="bbox 299 1521 1794 2866">
    <p class='ocr_par' dir='ltr' id='par_1_4' title="bbox 299 1521 1794 2866">
     <span class='ocr_line' id='line_1_21' title="bbox 410 1521 1794 1580; baseline -0.001 -14"><span class='ocrx_word' id='word_1_152' title='bbox 410 1537 554 1566; x_wconf 85' lang='lat' dir='ltr'><strong>rerum</strong></span> <span class='ocrx_word' id='word_1_153' title='bbox 585 1523 778 1580; x_wconf 80' lang='lat' dir='ltr'><strong>potestas,</strong></span> <span class='ocrx_word' id='word_1_154' title='bbox 801 1537 887 1565; x_wconf 90' lang='lat' dir='ltr'><strong>non</strong></span> <span class='ocrx_word' id='word_1_155' title='bbox 919 1537 1048 1580; x_wconf 85' lang='lat' dir='ltr'><strong>penes</strong></span> <span class='ocrx_word' id='word_1_156' title='bbox 1075 1522 1234 1580; x_wconf 83' lang='lat' dir='ltr'><strong>legem.</strong></span> <span class='ocrx_word' id='word_1_157' title='bbox 1294 1523 1395 1565; x_wconf 83' lang='lat' dir='ltr'><strong>Hoc</strong></span> <span class='ocrx_word' id='word_1_158' title='bbox 1423 1531 1566 1565; x_wconf 81' lang='lat' dir='ltr'><strong>autem</strong></span> <span class='ocrx_word' id='word_1_159' title='bbox 1597 1521 1661 1574; x_wconf 82' lang='lat' dir='ltr'><strong>fit,</strong></span> <span class='ocrx_word' id='word_1_160' title='bbox 1691 1535 1794 1565; x_wconf 79' lang='lat' dir='ltr'><strong>cum</strong></span> 
     </span>
     <span class='ocr_line' id='line_1_22' title="bbox 409 1588 1794 1648; baseline 0.001 -15"><span class='ocrx_word' id='word_1_161' title='bbox 409 1588 704 1634; x_wconf 81' lang='lat' dir='ltr'><strong>multitudinis</strong></span> <span class='ocrx_word' id='word_1_162' title='bbox 730 1590 916 1643; x_wconf 85' lang='lat' dir='ltr'><strong>decreta,</strong></span> <span class='ocrx_word' id='word_1_163' title='bbox 936 1606 1032 1648; x_wconf 88' lang='lat' dir='ltr'><strong>quae</strong></span> <span class='ocrx_word' id='word_1_164' title='bbox 1060 1589 1338 1648; x_wconf 86' lang='lat' dir='ltr'><strong>psephismata</strong></span> <span class='ocrx_word' id='word_1_165' title='bbox 1358 1590 1502 1634; x_wconf 73' lang='lat' dir='ltr'><strong>Graeci</strong></span> <span class='ocrx_word' id='word_1_166' title='bbox 1516 1590 1683 1644; x_wconf 69' lang='lat' dir='ltr'><strong>dicunt,</strong></span> <span class='ocrx_word' id='word_1_167' title='bbox 1701 1590 1794 1634; x_wconf 80' lang='lat' dir='ltr'><strong>rata</strong></span> 
     </span>
     <span class='ocr_line' id='line_1_23' title="bbox 409 1656 1791 1715; baseline 0.001 -16"><span class='ocrx_word' id='word_1_168' title='bbox 409 1657 524 1710; x_wconf 87' lang='lat' dir='ltr'><strong>sunt,</strong></span> <span class='ocrx_word' id='word_1_169' title='bbox 562 1672 651 1699; x_wconf 86' lang='lat' dir='ltr'><strong>non·</strong></span> <span class='ocrx_word' id='word_1_170' title='bbox 684 1657 770 1699; x_wconf 86' lang='lat' dir='ltr'><strong>lex.</strong></span> <span class='ocrx_word' id='word_1_171' title='bbox 829 1658 978 1715; x_wconf 85' lang='lat' dir='ltr'><strong>Atque</strong></span> <span class='ocrx_word' id='word_1_172' title='bbox 1010 1656 1094 1700; x_wconf 85' lang='lat' dir='ltr'><strong>hoc</strong></span> <span class='ocrx_word' id='word_1_173' title='bbox 1132 1657 1300 1714; x_wconf 82' lang='lat' dir='ltr'><strong>propter</strong></span> <span class='ocrx_word' id='word_1_174' title='bbox 1333 1665 1518 1700; x_wconf 81' lang='lat' dir='ltr'><strong>oratores</strong></span> <span class='ocrx_word' id='word_1_175' title='bbox 1550 1657 1791 1714; x_wconf 66' lang='lat' dir='ltr'><strong>populares,</strong></span> 
     </span>
     <span class='ocr_line' id='line_1_24' title="bbox 410 1724 1794 1783; baseline 0.002 -16"><span class='ocrx_word' id='word_1_176' title='bbox 410 1739 520 1782; x_wconf 90' lang='lat' dir='ltr'><strong>quos</strong></span> <span class='ocrx_word' id='word_1_177' title='bbox 551 1725 817 1783; x_wconf 85' lang='lat' dir='ltr'><strong>demagogos</strong></span> <span class='ocrx_word' id='word_1_178' title='bbox 849 1725 991 1768; x_wconf 88' lang='lat' dir='ltr'><strong>Graeci</strong></span> <span class='ocrx_word' id='word_1_179' title='bbox 1021 1725 1260 1778; x_wconf 90' lang='lat' dir='ltr'><strong>nominant,</strong></span> <span class='ocrx_word' id='word_1_180' title='bbox 1281 1725 1325 1767; x_wconf 92' lang='lat' dir='ltr'><strong>id</strong></span> <span class='ocrx_word' id='word_1_181' title='bbox 1344 1726 1417 1777; x_wconf 84' lang='lat' dir='ltr'><strong>est,</strong></span> <span class='ocrx_word' id='word_1_182' title='bbox 1437 1724 1616 1768; x_wconf 73' lang='lat' dir='ltr'><strong>blandos</strong></span> <span class='ocrx_word' id='word_1_183' title='bbox 1644 1725 1794 1783; x_wconf 84' lang='lat' dir='ltr'><strong>populi</strong></span> 
     </span>
     <span class='ocr_line' id='line_1_25' title="bbox 409 1792 1793 1851; baseline 0 -16"><span class='ocrx_word' id='word_1_184' title='bbox 409 1792 626 1845; x_wconf 64' lang='lat' dir='ltr'><strong>duaores,</strong></span> <span class='ocrx_word' id='word_1_185' title='bbox 647 1801 691 1835; x_wconf 86' lang='lat' dir='ltr'><strong>et</strong></span> <span class='ocrx_word' id='word_1_186' title='bbox 711 1792 822 1851; x_wconf 71' lang='lat' dir='ltr'><strong>quasi</strong></span> <span class='ocrx_word' id='word_1_187' title='bbox 850 1792 964 1836; x_wconf 82' lang='lat' dir='ltr'><strong>leves</strong></span> <span class='ocrx_word' id='word_1_188' title='bbox 992 1792 1186 1836; x_wconf 85' lang='lat' dir='ltr'><strong>tribunos</strong></span> <span class='ocrx_word' id='word_1_189' title='bbox 1214 1793 1365 1850; x_wconf 81' lang='lat' dir='ltr'><strong>plebis,</strong></span> <span class='ocrx_word' id='word_1_190' title='bbox 1386 1792 1543 1836; x_wconf 83' lang='lat' dir='ltr'><strong>evenit.</strong></span> <span class='ocrx_word' id='word_1_191' title='bbox 1601 1793 1718 1837; x_wconf 64' lang='lat' dir='ltr'><strong>Nam</strong></span> <span class='ocrx_word' id='word_1_192' title='bbox 1745 1793 1793 1836; x_wconf 87' lang='lat' dir='ltr'><strong>in</strong></span> 
     </span>
     <span class='ocr_line' id='line_1_26' title="bbox 400 1860 1791 1919; baseline 0.001 -17"><span class='ocrx_word' id='word_1_193' title='bbox 400 1860 656 1903; x_wconf 70' lang='lat' dir='ltr'><strong>&#39;civitatibus</strong></span> <span class='ocrx_word' id='word_1_194' title='bbox 676 1876 773 1918; x_wconf 88' lang='lat' dir='ltr'><strong>quae</strong></span> <span class='ocrx_word' id='word_1_195' title='bbox 792 1875 843 1903; x_wconf 88' lang='lat' dir='ltr'><strong>ex</strong></span> <span class='ocrx_word' id='word_1_196' title='bbox 862 1860 961 1919; x_wconf 86' lang='lat' dir='ltr'><strong>lege</strong></span> <span class='ocrx_word' id='word_1_197' title='bbox 980 1876 1005 1903; x_wconf 89' lang='lat' dir='ltr'><strong>a</strong></span> <span class='ocrx_word' id='word_1_198' title='bbox 1023 1861 1182 1918; x_wconf 90' lang='lat' dir='ltr'><strong>populo</strong></span> <span class='ocrx_word' id='word_1_199' title='bbox 1210 1861 1460 1904; x_wconf 87' lang='lat' dir='ltr'><strong>obtinentur</strong></span> <span class='ocrx_word' id='word_1_200' title='bbox 1485 1875 1537 1903; x_wconf 81' lang='lat' dir='ltr'><strong>ac</strong></span> <span class='ocrx_word' id='word_1_201' title='bbox 1563 1869 1791 1919; x_wconf 73' lang='lat' dir='ltr'><strong>reguntur,</strong></span> 
     </span>
     <span class='ocr_line' id='line_1_27' title="bbox 412 1928 1791 1988; baseline 0.001 -17"><span class='ocrx_word' id='word_1_202' title='bbox 412 1928 681 1987; x_wconf 85' lang='lat' dir='ltr'><strong>demagogus</strong></span> <span class='ocrx_word' id='word_1_203' title='bbox 703 1944 789 1971; x_wconf 88' lang='lat' dir='ltr'><strong>non</strong></span> <span class='ocrx_word' id='word_1_204' title='bbox 807 1930 974 1982; x_wconf 84' lang='lat' dir='ltr'><strong>exfistit,</strong></span> <span class='ocrx_word' id='word_1_205' title='bbox 995 1930 1064 1972; x_wconf 89' lang='lat' dir='ltr'><strong>sed</strong></span> <span class='ocrx_word' id='word_1_206' title='bbox 1084 1930 1270 1987; x_wconf 90' lang='lat' dir='ltr'><strong>optimus</strong></span> <span class='ocrx_word' id='word_1_207' title='bbox 1291 1931 1469 1988; x_wconf 87' lang='lat' dir='ltr'><strong>quisque</strong></span> <span class='ocrx_word' id='word_1_208' title='bbox 1498 1930 1604 1973; x_wconf 81' lang='lat' dir='ltr'><strong>civis</strong></span> <span class='ocrx_word' id='word_1_209' title='bbox 1631 1930 1791 1988; x_wconf 83' lang='lat' dir='ltr'><strong>princi-</strong></span> 
     </span>
     <span class='ocr_line' id='line_1_28' title="bbox 299 1995 1791 2054; baseline 0.003 -17"><span class='ocrx_word' id='word_1_210' title='bbox 299 2009 398 2052; x_wconf 84' lang='lat'><strong>143</strong></span> <span class='ocrx_word' id='word_1_211' title='bbox 413 2010 511 2052; x_wconf 89' lang='lat' dir='ltr'><strong>pem</strong></span> <span class='ocrx_word' id='word_1_212' title='bbox 546 1996 589 2037; x_wconf 91' lang='lat' dir='ltr'><strong>in</strong></span> <span class='ocrx_word' id='word_1_213' title='bbox 625 1995 845 2053; x_wconf 88' lang='lat' dir='ltr'><strong>republica</strong></span> <span class='ocrx_word' id='word_1_214' title='bbox 877 1996 1020 2038; x_wconf 91' lang='lat' dir='ltr'><strong>locum</strong></span> <span class='ocrx_word' id='word_1_215' title='bbox 1056 1997 1238 2040; x_wconf 85' lang='lat' dir='ltr'><strong>obtinet.</strong></span> <span class='ocrx_word' id='word_1_216' title='bbox 1300 1997 1386 2040; x_wconf 91' lang='lat' dir='ltr'><strong>Ubi</strong></span> <span class='ocrx_word' id='word_1_217' title='bbox 1421 2011 1520 2039; x_wconf 89' lang='lat' dir='ltr'><strong>vero</strong></span> <span class='ocrx_word' id='word_1_218' title='bbox 1549 1996 1668 2054; x_wconf 84' lang='lat' dir='ltr'><strong>leges</strong></span> <span class='ocrx_word' id='word_1_219' title='bbox 1703 2011 1791 2041; x_wconf 89' lang='lat' dir='ltr'><strong>non</strong></span> 
     </span>
     <span class='ocr_line' id='line_1_29' title="bbox 410 2063 1794 2121; baseline 0.001 -15"><span class='ocrx_word' id='word_1_220' title='bbox 410 2063 509 2106; x_wconf 86' lang='lat' dir='ltr'><strong>sunt</strong></span> <span class='ocrx_word' id='word_1_221' title='bbox 537 2071 656 2115; x_wconf 88' lang='lat' dir='ltr'><strong>ratae,</strong></span> <span class='ocrx_word' id='word_1_222' title='bbox 680 2078 820 2121; x_wconf 87' lang='lat' dir='ltr'><strong>neque</strong></span> <span class='ocrx_word' id='word_1_223' title='bbox 850 2064 1057 2106; x_wconf 88' lang='lat' dir='ltr'><strong>summam</strong></span> <span class='ocrx_word' id='word_1_224' title='bbox 1087 2064 1381 2107; x_wconf 66' lang='lat' dir='ltr'><strong>au&amp;oritatem</strong></span> <span class='ocrx_word' id='word_1_225' title='bbox 1402 2065 1576 2117; x_wconf 85' lang='lat' dir='ltr'><strong>habent,</strong></span> <span class='ocrx_word' id='word_1_226' title='bbox 1597 2065 1671 2107; x_wconf 82' lang='lat' dir='ltr'><strong>hic</strong></span> <span class='ocrx_word' id='word_1_227' title='bbox 1691 2079 1794 2108; x_wconf 82' lang='lat' dir='ltr'><strong>exo-</strong></span> 
     </span>
     <span class='ocr_line' id='line_1_30' title="bbox 410 2130 1791 2192; baseline 0.001 -19"><span class='ocrx_word' id='word_1_228' title='bbox 410 2130 580 2174; x_wconf 90' lang='lat' dir='ltr'><strong>riuntur</strong></span> <span class='ocrx_word' id='word_1_229' title='bbox 608 2131 831 2189; x_wconf 83' lang='lat' dir='ltr'><strong>populares</strong></span> <span class='ocrx_word' id='word_1_230' title='bbox 858 2139 1060 2184; x_wconf 77' lang='lat' dir='ltr'><strong>oratoreS,</strong></span> <span class='ocrx_word' id='word_1_231' title='bbox 1081 2146 1189 2189; x_wconf 86' lang='lat' dir='ltr'><strong>quos</strong></span> <span class='ocrx_word' id='word_1_232' title='bbox 1217 2132 1481 2190; x_wconf 85' lang='lat' dir='ltr'><strong>demagogos</strong></span> <span class='ocrx_word' id='word_1_233' title='bbox 1499 2132 1687 2192; x_wconf 69' lang='lat' dir='ltr'><strong>diximus</strong></span> <span class='ocrx_word' id='word_1_234' title='bbox 1713 2147 1791 2190; x_wconf 85' lang='lat' dir='ltr'><strong>ap·</strong></span> 
     </span>
     <span class='ocr_line' id='line_1_31' title="bbox 409 2196 1792 2257; baseline 0.002 -17"><span class='ocrx_word' id='word_1_235' title='bbox 409 2198 572 2256; x_wconf 86' lang='lat' dir='ltr'><strong>pellari.</strong></span> <span class='ocrx_word' id='word_1_236' title='bbox 633 2199 702 2241; x_wconf 89' lang='lat' dir='ltr'><strong>Fit</strong></span> <span class='ocrx_word' id='word_1_237' title='bbox 720 2198 833 2241; x_wconf 89' lang='lat' dir='ltr'><strong>enim</strong></span> <span class='ocrx_word' id='word_1_238' title='bbox 854 2198 1045 2256; x_wconf 85' lang='lat' dir='ltr'><strong>princeps</strong></span> <span class='ocrx_word' id='word_1_239' title='bbox 1071 2199 1182 2242; x_wconf 89' lang='lat' dir='ltr'><strong>solus</strong></span> <span class='ocrx_word' id='word_1_240' title='bbox 1204 2199 1435 2257; x_wconf 86' lang='lat' dir='ltr'><strong>imperium</strong></span> <span class='ocrx_word' id='word_1_241' title='bbox 1453 2196 1652 2243; x_wconf 77' lang='lat' dir='ltr'><strong>obtinens</strong></span> <span class='ocrx_word' id='word_1_242' title='bbox 1675 2202 1792 2256; x_wconf 87' lang='lat' dir='ltr'><strong>(mo-</strong></span> 
     </span>
     <span class='ocr_line' id='line_1_32' title="bbox 410 2266 1794 2326; baseline 0.002 -18"><span class='ocrx_word' id='word_1_243' title='bbox 410 2267 619 2309; x_wconf 89' lang='lat' dir='ltr'><strong>narchum</strong></span> <span class='ocrx_word' id='word_1_244' title='bbox 641 2266 792 2308; x_wconf 89' lang='lat' dir='ltr'><strong>dicunt</strong></span> <span class='ocrx_word' id='word_1_245' title='bbox 813 2266 970 2320; x_wconf 88' lang='lat' dir='ltr'><strong>Graeci)</strong></span> <span class='ocrx_word' id='word_1_246' title='bbox 996 2266 1180 2324; x_wconf 92' lang='lat' dir='ltr'><strong>populus</strong></span> <span class='ocrx_word' id='word_1_247' title='bbox 1199 2282 1310 2309; x_wconf 88' lang='lat' dir='ltr'><strong>unus</strong></span> <span class='ocrx_word' id='word_1_248' title='bbox 1330 2282 1383 2326; x_wconf 59' lang='lat' dir='ltr'><strong>ex</strong></span> <span class='ocrx_word' id='word_1_249' title='bbox 1401 2267 1550 2311; x_wconf 81' lang='lat' dir='ltr'><strong>multis</strong></span> <span class='ocrx_word' id='word_1_250' title='bbox 1569 2276 1794 2311; x_wconf 80' lang='lat' dir='ltr'><strong>concretus</strong></span> 
     </span>
     <span class='ocr_line' id='line_1_33' title="bbox 411 2332 1791 2394; baseline 0.002 -18"><span class='ocrx_word' id='word_1_251' title='bbox 411 2342 457 2377; x_wconf 90' lang='lat' dir='ltr'><strong>et</strong></span> <span class='ocrx_word' id='word_1_252' title='bbox 486 2335 721 2377; x_wconf 83' lang='lat' dir='ltr'><strong>conflatus:</strong></span> <span class='ocrx_word' id='word_1_253' title='bbox 755 2349 852 2376; x_wconf 87' lang='lat' dir='ltr'><strong>nam</strong></span> <span class='ocrx_word' id='word_1_254' title='bbox 888 2350 1018 2392; x_wconf 85' lang='lat' dir='ltr'><strong>penes</strong></span> <span class='ocrx_word' id='word_1_255' title='bbox 1049 2334 1207 2377; x_wconf 89' lang='lat' dir='ltr'><strong>multos</strong></span> <span class='ocrx_word' id='word_1_256' title='bbox 1240 2332 1405 2378; x_wconf 68' lang='lat' dir='ltr'><strong>summa</strong></span> <span class='ocrx_word' id='word_1_257' title='bbox 1433 2336 1682 2394; x_wconf 81' lang='lat' dir='ltr'><strong>reipublicae</strong></span> <span class='ocrx_word' id='word_1_258' title='bbox 1712 2350 1791 2394; x_wconf 88' lang='lat' dir='ltr'><strong>po-</strong></span> 
     </span>
     <span class='ocr_line' id='line_1_34' title="bbox 410 2400 1793 2459; baseline 0.001 -15"><span class='ocrx_word' id='word_1_259' title='bbox 410 2402 534 2444; x_wconf 88' lang='lat' dir='ltr'><strong>testas</strong></span> <span class='ocrx_word' id='word_1_260' title='bbox 553 2402 625 2454; x_wconf 87' lang='lat' dir='ltr'><strong>est,</strong></span> <span class='ocrx_word' id='word_1_261' title='bbox 649 2415 734 2443; x_wconf 88' lang='lat' dir='ltr'><strong>non</strong></span> <span class='ocrx_word' id='word_1_262' title='bbox 764 2410 814 2443; x_wconf 89' lang='lat' dir='ltr'><strong>ut</strong></span> <span class='ocrx_word' id='word_1_263' title='bbox 845 2400 1045 2458; x_wconf 81' lang='lat' dir='ltr'><strong>finguIOS,</strong></span> <span class='ocrx_word' id='word_1_264' title='bbox 1067 2402 1134 2444; x_wconf 89' lang='lat' dir='ltr'><strong>sed</strong></span> <span class='ocrx_word' id='word_1_265' title='bbox 1158 2411 1205 2444; x_wconf 90' lang='lat' dir='ltr'><strong>ut</strong></span> <span class='ocrx_word' id='word_1_266' title='bbox 1227 2417 1391 2445; x_wconf 87' lang='lat' dir='ltr'><strong>omnes.</strong></span> <span class='ocrx_word' id='word_1_267' title='bbox 1452 2402 1635 2446; x_wconf 79' lang='lat' dir='ltr'><strong>Qualem</strong></span> <span class='ocrx_word' id='word_1_268' title='bbox 1666 2416 1793 2459; x_wconf 87' lang='lat' dir='ltr'><strong>porro</strong></span> 
     </span>
     <span class='ocr_line' id='line_1_35' title="bbox 409 2467 1792 2523; baseline 0.001 -12"><span class='ocrx_word' id='word_1_269' title='bbox 409 2468 527 2512; x_wconf 84' lang='lat' dir='ltr'><strong>dicat</strong></span> <span class='ocrx_word' id='word_1_270' title='bbox 546 2470 763 2510; x_wconf 87' lang='lat' dir='ltr'><strong>Homerus</strong></span> <span class='ocrx_word' id='word_1_271' title='bbox 783 2483 869 2510; x_wconf 89' lang='lat' dir='ltr'><strong>non</strong></span> <span class='ocrx_word' id='word_1_272' title='bbox 891 2467 971 2510; x_wconf 84' lang='lat' dir='ltr'><strong>effe</strong></span> <span class='ocrx_word' id='word_1_273' title='bbox 992 2470 1148 2511; x_wconf 91' lang='lat' dir='ltr'><strong>bonam</strong></span> <span class='ocrx_word' id='word_1_274' title='bbox 1171 2469 1408 2512; x_wconf 89' lang='lat' dir='ltr'><strong>multorum</strong></span> <span class='ocrx_word' id='word_1_275' title='bbox 1437 2469 1792 2523; x_wconf 85' lang='lat' dir='ltr'><strong>dominationem,</strong></span> 
     </span>
     <span class='ocr_line' id='line_1_36' title="bbox 410 2535 1791 2595; baseline 0.001 -16"><span class='ocrx_word' id='word_1_276' title='bbox 410 2545 555 2579; x_wconf 88' lang='lat' dir='ltr'><strong>utrum</strong></span> <span class='ocrx_word' id='word_1_277' title='bbox 577 2536 686 2578; x_wconf 88' lang='lat' dir='ltr'><strong>hanc</strong></span> <span class='ocrx_word' id='word_1_278' title='bbox 707 2551 760 2578; x_wconf 88' lang='lat' dir='ltr'><strong>an</strong></span> <span class='ocrx_word' id='word_1_279' title='bbox 780 2536 856 2578; x_wconf 92' lang='lat' dir='ltr'><strong>ubi</strong></span> <span class='ocrx_word' id='word_1_280' title='bbox 876 2535 1015 2592; x_wconf 86' lang='lat' dir='ltr'><strong>plures</strong></span> <span class='ocrx_word' id='word_1_281' title='bbox 1043 2536 1154 2589; x_wconf 89' lang='lat' dir='ltr'><strong>sunt,</strong></span> <span class='ocrx_word' id='word_1_282' title='bbox 1185 2537 1260 2594; x_wconf 92' lang='lat' dir='ltr'><strong>qui</strong></span> <span class='ocrx_word' id='word_1_283' title='bbox 1290 2537 1513 2594; x_wconf 84' lang='lat' dir='ltr'><strong>imperant,</strong></span> <span class='ocrx_word' id='word_1_284' title='bbox 1544 2547 1592 2580; x_wconf 91' lang='lat' dir='ltr'><strong>ut</strong></span> <span class='ocrx_word' id='word_1_285' title='bbox 1621 2537 1791 2595; x_wconf 85' lang='lat' dir='ltr'><strong>finguli,</strong></span> 
     </span>
     <span class='ocr_line' id='line_1_37' title="bbox 410 2603 1792 2662; baseline 0.001 -16"><span class='ocrx_word' id='word_1_286' title='bbox 410 2604 645 2647; x_wconf 85' lang='lat' dir='ltr'><strong>obscurum</strong></span> <span class='ocrx_word' id='word_1_287' title='bbox 675 2604 747 2646; x_wconf 84' lang='lat' dir='ltr'><strong>est.</strong></span> <span class='ocrx_word' id='word_1_288' title='bbox 805 2603 923 2646; x_wconf 84' lang='lat' dir='ltr'><strong>Talis</strong></span> <span class='ocrx_word' id='word_1_289' title='bbox 954 2604 1084 2661; x_wconf 85' lang='lat' dir='ltr'><strong>igitur</strong></span> <span class='ocrx_word' id='word_1_290' title='bbox 1114 2605 1312 2661; x_wconf 85' lang='lat' dir='ltr'><strong>populus,</strong></span> <span class='ocrx_word' id='word_1_291' title='bbox 1334 2614 1486 2662; x_wconf 87' lang='lat' dir='ltr'><strong>utpote</strong></span> <span class='ocrx_word' id='word_1_292' title='bbox 1514 2605 1590 2662; x_wconf 92' lang='lat' dir='ltr'><strong>qui</strong></span> <span class='ocrx_word' id='word_1_293' title='bbox 1609 2605 1658 2648; x_wconf 85' lang='lat' dir='ltr'><strong>fit</strong></span> <span class='ocrx_word' id='word_1_294' title='bbox 1675 2605 1792 2662; x_wconf 76' lang='lat' dir='ltr'><strong>prin-</strong></span> 
     </span>
     <span class='ocr_line' id='line_1_38' title="bbox 412 2671 1794 2730; baseline 0.001 -16"><span class='ocrx_word' id='word_1_295' title='bbox 412 2686 511 2728; x_wconf 88' lang='lat' dir='ltr'><strong>ceps</strong></span> <span class='ocrx_word' id='word_1_296' title='bbox 532 2673 643 2714; x_wconf 90' lang='lat' dir='ltr'><strong>solus</strong></span> <span class='ocrx_word' id='word_1_297' title='bbox 664 2671 889 2728; x_wconf 86' lang='lat' dir='ltr'><strong>imperium</strong></span> <span class='ocrx_word' id='word_1_298' title='bbox 912 2672 1125 2724; x_wconf 89' lang='lat' dir='ltr'><strong>obtinens,</strong></span> <span class='ocrx_word' id='word_1_299' title='bbox 1149 2672 1285 2714; x_wconf 82' lang='lat' dir='ltr'><strong>studet</strong></span> <span class='ocrx_word' id='word_1_300' title='bbox 1304 2672 1414 2715; x_wconf 86' lang='lat' dir='ltr'><strong>solus</strong></span> <span class='ocrx_word' id='word_1_301' title='bbox 1444 2672 1664 2729; x_wconf 74' lang='lat' dir='ltr'><strong>imperare3</strong></span> <span class='ocrx_word' id='word_1_302' title='bbox 1690 2673 1794 2730; x_wconf 88' lang='lat' dir='ltr'><strong>quia</strong></span> 
     </span>
     <span class='ocr_line' id='line_1_39' title="bbox 409 2739 1792 2798; baseline 0.002 -18"><span class='ocrx_word' id='word_1_303' title='bbox 409 2739 556 2796; x_wconf 81' lang='lat' dir='ltr'><strong>legum</strong></span> <span class='ocrx_word' id='word_1_304' title='bbox 589 2740 768 2796; x_wconf 86' lang='lat' dir='ltr'><strong>imperio</strong></span> <span class='ocrx_word' id='word_1_305' title='bbox 801 2754 885 2780; x_wconf 88' lang='lat' dir='ltr'><strong>non</strong></span> <span class='ocrx_word' id='word_1_306' title='bbox 920 2749 1066 2796; x_wconf 84' lang='lat' dir='ltr'><strong>paret:</strong></span> <span class='ocrx_word' id='word_1_307' title='bbox 1099 2749 1143 2782; x_wconf 90' lang='lat' dir='ltr'><strong>et</strong></span> <span class='ocrx_word' id='word_1_308' title='bbox 1172 2740 1256 2782; x_wconf 88' lang='lat' dir='ltr'><strong>tale</strong></span> <span class='ocrx_word' id='word_1_309' title='bbox 1287 2740 1358 2782; x_wconf 89' lang='lat' dir='ltr'><strong>fibi</strong></span> <span class='ocrx_word' id='word_1_310' title='bbox 1380 2740 1454 2798; x_wconf 91' lang='lat' dir='ltr'><strong>jus</strong></span> <span class='ocrx_word' id='word_1_311' title='bbox 1483 2740 1792 2798; x_wconf 87' lang='lat' dir='ltr'><strong>imperiumque</strong></span> 
     </span>
     <span class='ocr_line' id='line_1_40' title="bbox 410 2808 1790 2866; baseline 0 -15"><span class='ocrx_word' id='word_1_312' title='bbox 410 2808 580 2852; x_wconf 74' lang='lat' dir='ltr'><strong>assumit</strong></span> <span class='ocrx_word' id='word_1_313' title='bbox 611 2810 655 2851; x_wconf 91' lang='lat' dir='ltr'><strong>in</strong></span> <span class='ocrx_word' id='word_1_314' title='bbox 687 2817 824 2851; x_wconf 89' lang='lat' dir='ltr'><strong>totam</strong></span> <span class='ocrx_word' id='word_1_315' title='bbox 852 2808 1166 2866; x_wconf 85' lang='lat' dir='ltr'><strong>rempublicam</strong></span> <span class='ocrx_word' id='word_1_316' title='bbox 1190 2808 1316 2866; x_wconf 84' lang='lat' dir='ltr'><strong>quale</strong></span> <span class='ocrx_word' id='word_1_317' title='bbox 1337 2808 1535 2852; x_wconf 83' lang='lat' dir='ltr'><strong>dominus</strong></span> <span class='ocrx_word' id='word_1_318' title='bbox 1562 2808 1608 2851; x_wconf 90' lang='lat' dir='ltr'><strong>in</strong></span> <span class='ocrx_word' id='word_1_319' title='bbox 1637 2808 1790 2852; x_wconf 78' lang='lat' dir='ltr'><strong>servos.</strong></span> 
     </span>
    </p>
   </div>
  </div>
 </body>
</html>
