1942 3320
284 586 359 626 111.

496 200 580 240 412
936 187 1438 232 ARISTOTELIS

493 310 564 351 De
590 308 821 352 liberorum
848 309 982 368 igitur
1010 317 1055 353 et
1081 325 1261 354 uxorum
1290 310 1609 366 communione,
1621 311 1729 355 hoe
1735 280 1867 356 infide

493 376 738 420 diffinitum
755 387 883 457 atque
903 378 1230 436 explicatumt
1183 379 1245 421 fit.
1418 396 1423 401 ·
1451 399 1456 404 ·
1668 387 1698 407 =.›
1729 381 1850 409 021²¹¹⁴=

1179 482 1182 486 ,
1376 530 1379 533 ⁴
1666 446 1797 475 »zucra«,
1821 455 1823 457 >

1063 587 1101 630 C
1113 587 1156 630 A
1171 587 1216 628 P.
1256 587 1312 629 V.

1666 649 1778 674 ωι-,ἿῬἸ
1805 650 1857 671 L'.

499 698 718 742 Platonicae
735 699 959 757 reipublicae
979 700 1272 744 communionem
1291 699 1621 757 patrimoniorum
1629 699 1866 759 W:

683 767 907 823 divisionem
926 769 1141 826 quinetiam
1161 768 1308 811 civium
1327 768 1371 810 in
1391 776 1514 810 certas
1533 766 1709 826 clqffetw

552 854 873 899 SEQUITUR·
871 856 1079 914 deinceps
1100 866 1149 900 ut
1166 858 1219 900 de
1238 858 1396 900 civium
1421 857 1545 900 bonis
1574 871 1623 899 ae
1651 854 1867 900 faefflti-

495 924 576 966 bus
588 923 655 965 rei
675 918 892 966 familiaris
919 924 1153 977 videamus,
1174 925 1391 982 quomodo
1421 940 1491 967 eas
1518 922 1867 981 constttuiss‘op‘dr·

495 990 656 1033 teatviis
676 991 746 1048 qui
770 991 932 1048 optima
961 991 1205 1048 reipublicae
1231 991 1595 1034 administratione
1613 989 1868 1051 uffiffirfunt,

497 1067 640 1100 utrum
661 1073 927 1109 communes,
948 1074 1095 1102 necne.
1145 1060 1269 1102 Poffit
1292 1067 1434 1102 autem
1456 1057 1869 1117 haecaliqnid-iethm

496 1126 676 1170 seorsum
697 1128 750 1169 ab
768 1126 821 1168 iis
847 1142 943 1184 quae
974 1126 1070 1169 sunt
1100 1128 1153 1170 de
1184 1128 1327 1170 liberis
1358 1137 1402 1171 et
1432 1123 1869 1186 uxoribuslegb‘so'-

497 1193 623 1235 cratis
657 1193 830 1245 sancita,
860 1194 1142 1237 confiderare:
1173 1209 1223 1237 ea
1247 1195 1346 1237 dico
1375 1210 1474 1251 quae
1499 1193 1552 1237 ad
1572 1191 1871 1247 fawlhffl³et

497 1261 686 1303 fortunas
707 1262 946 1319 pertinent:
977 1271 1121 1305 utrum
1151 1263 1309 1305 etiamfi
1339 1263 1508 1320 propria
1526 1271 1570 1305 et
1589 1259 1871 1320 sepnr'at‘a‘fflnt

495 1329 570 1371 ilia
588 1330 642 1372 de
661 1330 864 1372 uxoribus
886 1340 929 1373 et
950 1330 1110 1382 liberis,
1130 1331 1490 1387 quemadmodum
1511 1344 1627 1373 nunc
1645 1330 1745 1373 finnt*
1758 1329 1871 1388 apud

495 1411 663 1449 omnes,
683 1398 942 1455 poffeffiones
972 1406 1015 1440 et
1046 1397 1354 1441 usumfruecum
1390 1411 1639 1440 communes
1667 1396 1747 1440 οῦδ
1775 1408 1869 1441 me·

495 1465 579 1508 lius
612 1467 676 1518 fit,
706 1466 824 1508 verbi
853 1466 1002 1523 gratia,
1034 1479 1158 1523 agros
1190 1474 1234 1508 et
1269 1465 1423 1507 fundos
1451 1465 1628 1508 seorsum
1658 1463 1869 1522 poffideri,

496 1531 658 1575 fruetus
685 1541 828 1575 autem
860 1533 903 1575 in
935 1547 1164 1576 commune
1192 1533 1369 1576 collatos
1391 1533 1581 1576 consumi
1606 1530 1868 1591 (quod'non-

496 1601 626 1644 nullae
647 1601 838 1643 nationes
858 1600 1038 1652 faciunt)
1061 1617 1114 1644 an
1135 1611 1281 1643 contra
1300 1615 1424 1659 agros
1451 1601 1626 1659 quidem
1638 1600 1730 1645 effe
1748 1603 1868 1645 com-

497 1683 649 1711 munes
668 1676 712 1710 et
730 1668 834 1710 arari
853 1668 1154 1721 communiter,
1175 1668 1336 1711 fruetus
1355 1678 1497 1711 autem
1527 1668 1658 1717 dividi
1680 1667 1747 1712 ad
1765 1679 1867 1726 pro-

495 1735 610 1812 prios
630 1734 827 1793 cujusque
853 1736 949 1778 usus
973 1736 1192 1792 (dicuntur
1219 1745 1360 1778 autem
1390 1736 1587 1779 nonnulli
1611 1736 1778 1780 barbari
1802 1745 1869 1780 et-

495 1804 579 1846 iam
601 1803 684 1847 hoc
704 1803 834 1846 modo
855 1804 963 1846 inter
994 1805 1035 1846 se
1063 1819 1132 1846 res
1159 1804 1493 1859 communicare)
1518 1819 1570 1847 an
1591 1813 1635 1848 et
1651 1803 1807 1848 fundos
1826 1813 1871 1848 et

494 1871 659 1915 fructus
679 1872 757 1914 effe
777 1887 1042 1924 communes.
1103 1872 1147 1914 Si
1179 1872 1313 1928 igitur
1341 1872 1410 1914 alii
1441 1873 1533 1925 fint,
1553 1871 1629 1930 qui
1651 1886 1776 1932 agros
1795 1886 1869 1916 co-

495 1939 602 1991 lant,
622 1939 728 1981 alius
759 1938 911 1980 modus
941 1939 1082 1991 fuerit,
1115 1938 1228 1995 isque
1259 1938 1420 1980 facilior
1448 1948 1576 1996 atque
1604 1939 1867 1997 expeditior:

413 2021 475 2061 41
498 2007 553 2050 fin
585 2007 656 2063 ipfi
692 2006 766 2048 fibi
796 2006 953 2059 colant,
986 2016 1032 2048 et
1063 2007 1252 2048 laborem
1290 2005 1499 2063 perferant
1530 2007 1574 2049 in
1608 2007 1662 2050 iis
1690 2021 1790 2066 quae
1816 2002 1870 2052 ad

496 2090 621 2132 agros
641 2083 684 2116 et
705 2083 876 2116 caeteras
903 2073 1162 2131 pofl'effiones
1194 2074 1422 2131 pertinent,
1444 2075 1585 2131 plures
1614 2075 1699 2118 hoc
1719 2075 1874 2118 'efferat

494 2142 779 2184 difficultates.
837 2143 954 2184 Nam
983 2156 1083 2184 cum
1103 2142 1147 2183 in
1167 2141 1361 2193 fruendo,
1382 2143 1489 2184 etin
1513 2153 1642 2200 opere
1659 2143 1870 2196 faciendo,

495 2210 727 2267 laboreque
755 2209 988 2252 sufferendo
1020 2224 1103 2251 non
1134 2210 1191 2251 est
1224 2209 1455 2266 aequalitas5
1485 2210 1553 2252 sed
1582 2211 1869 2269 inaequtglitas:

496 2277 655 2320 neceffe
673 2279 730 2320 est
749 2277 1065 2320 criminationes
1091 2285 1135 2320 et
1161 2278 1351 2335 querelas
1371 2278 1470 2321 oriri
1490 2279 1685 2322 adversus
1703 2294 1777 2323 eos
1796 2280 1872 2338 qui

496 2345 694 2388 fruuntur
727 2345 901 2405 quidem
938 2345 1101 2397 multis,
1142 2355 1216 2387 aut
1254 2345 1495 2403 percipiunt
1531 2346 1683 2400 multa,
1721 2360 1872 2404 parvos

497 2421 640 2456 autem
674 2413 837 2455 labores
870 2413 1043 2470 capiunt
1063 2414 1116 2455 ab
1135 2413 1186 2455 iis
1207 2414 1281 2471 qui
1307 2414 1503 2471 pauciora
1531 2414 1703 2472 quidem
1730 2415 1870 2472 perci-

495 2481 634 2539 piunt,
667 2481 808 2538 plures
842 2489 984 2522 autem
1016 2480 1181 2523 labores
1211 2481 1424 2523 sufferunt.
1486 2483 1534 2523 In
1566 2482 1741 2535 summa,
1769 2497 1868 2526 cum

495 2563 581 2591 una
601 2549 755 2599 vivere,
778 2556 823 2589 et
841 2562 980 2590 rerum
1001 2548 1193 2590 omnium
1215 2548 1507 2591 humanarum·
1521 2549 1870 2594 communionem

496 2616 650 2658 habere
679 2615 849 2658 difficile
877 2615 938 2667 fit,
959 2624 1052 2658 tum
1084 2617 1268 2658 maxime
1290 2617 1468 2665 talium:
1501 2617 1632 2675 idque
1653 2618 1872 2662 declarant

497 2697 646 2725 eorum
666 2682 752 2740 -qui
780 2697 863 2724 una
890 2683 1225 2740 peregrinantur,
1257 2683 1616 2727 communitates:
1647 2699 1871 2743 propemo-

460 2774 463 2777 ·
497 2750 604 2793 dum
622 2750 737 2793 enim
769 2750 938 2807 plurimi
968 2750 1208 2793 diffidentes
1228 2751 1282 2793 de
1299 2752 1427 2794 rebus
1451 2759 1548 2794 ante
1567 2752 1697 2809 pedes
1711 2753 1873 2810 politis,

497 2826 543 2862 et
561 2818 712 2877 parvis,
731 2833 878 2876 graves
897 2818 1008 2861 inter
1026 2819 1067 2862 se
1095 2819 1341 2862 offenfiones
1366 2827 1496 2878 atque
1522 2818 1766 2866 inimicitias
1785 2822 1872 2866 sus-
