1898 3308
374 576 379 580 .
429 509 1154 596 ARISTOTELIS
1503 523 1605 576 327

766 666 868 708 DE'

316 785 544 842 CURA
595 787 733 841 REI
786 785 1285 841 FAMILIARIS

752 940 846 970 SEU

148 1039 925 1099 ADMINISTRATIONE
974 1046 1453 1098 DOMESTICA

598 1180 760 1221 LIBER
787 1181 1006 1223 PRIMUS.

622 1368 989 1398 ψ

680 1536 835 1580 CAP.
885 1537 925 1581 Ι.

310 1648 559 1710 Differentia
577 1650 681 1694 inter
704 1650 996 1694 OEconomicam
1015 1658 1053 1694 et
1072 1649 1298 1695 Politicam.

110 1727 630 1804 ADMINISTRATIO
649 1760 709 1803 rei
725 1759 968 1804 domesticae
986 1767 1033 1803 et
1044 1759 1235 1819 publicae
1252 1760 1327 1803 seu
1348 1758 1503 1816 civilis,

99 1825 312 1872 differunt
339 1842 426 1871 non
452 1841 508 1870 eo
536 1835 723 1881 tantum,
755 1842 843 1885 quo
875 1827 1031 1871 domus
1057 1842 1108 1871 ac
1134 1827 1314 1872 civitas:
1345 1829 1507 1887 quippe

110 1893 210 1939 fiunt
239 1893 376 1939 enim
384 1894 480 1938 haec
510 1894 597 1938 illis
629 1894 847 1954 ΐιὼ]εᾶε·
879 1894 951 1938 sed
979 1910 1032 1938 eo
1060 1910 1237 1954 quoque
1256 1896 1372 1953 quod
1395 1896 1509 1940 ratio

108 1963 249 2012 civilis
278 1978 336 2009 ex
375 1963 668 2022 compluribus
707 1963 1022 2022 magistratibus
1059 1965 1236 2017 constat,
1275 1963 1508 2008 domestica

107 2033 399 2092 principatum
428 2033 563 2076 habet
591 2032 734 2076 unius.
792 2034 895 2076 Jam
923 2033 1080 2076 artium
1111 2033 1312 2091 quaedam
1333 2033 1445 2077 inter
1463 2034 1509 2078 se

110 2100 212 2146 sunt
232 2100 459 2155 distin-stae,
485 2116 626 2159 neque
655 2100 843 2159 ejusdem
874 2101 932 2144 est
965 2101 1131 2159 semper
1159 2101 1336 2146 effe&us
1365 2102 1511 2161 operis

109 2177 157 2214 et
172 2169 288 2214 usus.
346 2169 413 2214 Ut
440 2184 527 2212 uon
556 2169 688 2213 etiam
706 2169 770 2212 uti
791 2169 865 2212 scit
885 2169 979 2229 lyra
996 2180 1127 2228 atque
1157 2169 1294 2224 tibiis,
1312 2171 1510 2230 quisquis

110 2237 342 2282 haumest
360 2237 607 2281 fabricator.
667 2238 862 2281 Rationis
891 2247 1036 2282 autem
1066 2238 1206 2282 civilis
1236 2241 1310 2292 est,
1331 2248 1377 2282 et
1398 2240 1506 2283 civi-

108 2313 244 2351 tatem
278 2306 533 2350 constituere
564 2307 619 2349 ab
657 2305 798 2359 initio,
838 2315 883 2349 et
918 2307 1118 2365 praeclare
1156 2307 1223 2350 uti
1262 2308 1506 2353 constituta.

111 2375 244 2420 Unde
259 2383 395 2434 patet,
415 2375 658 2419 domesticae
678 2376 758 2418 effe
777 2375 861 2418 hoc
881 2377 1072 2429 rationis,
1093 2385 1144 2419 ut
1168 2377 1325 2420 domus
1355 2386 1400 2420 et
1428 2392 1507 2435 pa-

43 2455 45 2457 “
107 2451 228 2489 remr
244 2452 291 2487 et
304 2443 544 2502 usurpetur.
595 2444 753 2502 Atque
785 2445 842 2486 est
869 2444 1018 2487 civitas
1048 2445 1207 2488 aedium
1230 2445 1355 2503 copia
1373 2455 1417 2488 et
1437 2461 1508 2489 re·

105 2513 256 2572 gisonis
282 2520 329 2556 et
361 2512 631 2565 facultatum,
660 2526 760 2569 quae
794 2512 893 2555 satis
927 2513 1005 2556 fint
1032 2513 1087 2556 ad
1115 2515 1226 2556 bene
1257 2514 1508 2559 vivendum.

112 2581 254 2642 quue
273 2597 327 2625 ex
346 2596 399 2625 eo
418 2580 684 2624 manifestum
718 2581 781 2634 fit,
802 2581 921 2639 quod
947 2583 1023 2625 ubi
1046 2582 1119 2625 ista
1138 2583 1390 2642 contingere
1419 2598 1509 2628 non

113 2650 298 2711 poffunt‚
328 2650 389 2694 ibi
420 2650 658 2693 dissolvitur
687 2650 775 2708 ipsa
803 2665 976 2708 quoque
996 2652 1300 2695 communitas.
1362 2653 1510 2697 Quin-

30 2720 36 2729 ’
115 2719 246 2763 etiam
265 2719 419 2763 horum
439 2719 578 2777 gratia
596 2718 796 2762 homines
817 2729 1151 2778 congregantur.
1202 2720 1341 2779 Cujus
1363 2731 1512 2766 autem

114 2788 454 2847 unumquodque
474 2787 612 2846 gratia
631 2789 688 2830 est
707 2797 753 2831 et
772 2787 930 2841 extitit,
953 2803 1004 2831 ea
1032 2789 1148 2832 illius
1171 2800 1322 2833 natura
1341 2791 1421 2833 effe
1442 2792 1512 2835 so-

82 2855 87 2860 ’
117 2856 198 2904 let.
254 2856 527 2919 Perspicuum
545 2855 691 2919 itaque
710 2857 769 2900 est
789 2855 1064 2903 domesticam
1093 2857 1303 2902 rationem
1324 2859 1518 2918 priorem
