1898 3308
0 0 153 127 rw

27 74 33 86 ,.

91 332 334 376 Μαι
364 340 500 378 unum
529 324 735 384 quiddam
767 323 848 367 effe
876 338 930 366 ex
957 322 1011 366 iis
1038 334 1138 379 quae
1159 320 1250 365 fieri
1279 336 1364 365 non
1389 319 1602 378 pos-150

90 396 204 450 ffln‘t,
224 394 471 447 civitatem,
501 408 600 452 quae
628 393 682 436 ab
710 391 996 451 optimatibus
1020 399 1219 452 teneatur
1248 399 1293 433 et
1320 390 1483 448 guber·

88 472 235 518 netur,
254 463 369 522 quafi
399 463 454 507 ab
482 461 688 520 improbis
713 469 904 521 regatur,
928 460 1056 504 bonis
1083 460 1257 519 legibus
1285 475 1372 503 non
1402 460 1488 513 uti,

89 538 241 591 nquez
266 531 398 574 bonis
431 531 606 590 legibus
637 544 816 589 pareret
851 529 1044 587 itemque
1078 543 1173 572 eam
1207 543 1307 586 quae
1346 543 1489 586 nequo

90 599 404 658 boninlegibus
422 608 584 658 pareat,
606 613 746 657 neque
765 597 892 642 bonis
909 597 1084 656 legibus
1111 605 1273 649 utatur,
1293 597 1348 640 ab
1368 598 1484 655 opti-

90 669 280 713 matibus
313 668 451 712 teneri
489 676 536 711 et
571 667 817 727 gubernari.
876 667 980 709 Non
1014 667 1071 709 est
1110 681 1235 724 porro
1273 665 1484 709 bonarum

89 735 239 795 legum
273 737 392 791 usus,
420 737 539 796 leges
567 735 745 795 quidem
779 734 859 778 effe
884 735 997 778 bene
1023 733 1195 792 scriptas
1227 742 1272 777 et
1301 733 1482 792 pofitasz

91 805 165 849 sed
183 806 355 865 legibus
382 805 492 849 bene
521 805 685 863 scriptis
706 819 756 847 ac
775 803 920 862 positis
941 818 1026 846 non
1047 818 1206 861 parere.
1268 802 1487 847 Quocirca

91 888 203 918 unus
223 874 399 933 quidem
422 875 632 917 bonarum
652 870 804 932 legum
834 873 932 916 usus
962 872 1260 916 existimandus
1280 873 1352 925 est,
1374 872 1483 930 poli-

90 941 147 985 tis
163 941 336 1002 legibus
353 957 530 1001 parere:
562 943 670 986 alter
698 955 815 996 vere,
837 942 948 985 bene
968 941 1140 1000 scriptas
1159 941 1238 984 effe
1258 955 1329 985 eas
1347 941 1486 1000 leges,

90 1025 198 1069 quas
240 1010 422 1064 servant,
458 1021 504 1055 et
549 1011 594 1054 in
633 1011 791 1070 quibus
827 1019 1081 1069 permanent
1119 1025 1169 1054 ac
1206 1010 1486 1069 perseverant.

91 1078 216 1144 Nihil
236 1079 373 1123 obstat
401 1080 516 1124 enim
548 1080 783 1138 quominus
813 1079 942 1123 etiam
966 1079 1139 1138 legibus
1158 1079 1271 1123 male
1289 1079 1386 1122 latis
1408 1094 1486 1138 pa-

3 1181 11 1186 ·
91 1157 241 1195 reant:
274 1148 359 1192 hoc
389 1159 534 1192 autem
566 1149 737 1193 duobus
768 1149 910 1193 modis
939 1149 1191 1209 contingere
1216 1151 1379 1209 potest:
1409 1166 1487 1210 pa-

91 1226 191 1264 rent
211 1216 326 1262 enim
346 1216 535 1276 legibus,
557 1226 633 1261 aut
651 1217 862 1270 omnium,
882 1232 988 1275 quas
1017 1218 1113 1261 talis
1142 1218 1390 1277 reipublicae
1409 1219 1488 1263 ad-

91 1285 376 1330 ministrandae
393 1285 531 1331 forma
548 1301 698 1344 capere
718 1302 767 1330 ac
787 1285 896 1329 ferre
917 1287 1067 1345 potest,
1087 1286 1279 1345 optimis,
1298 1297 1375 1332 aut
1395 1288 1491 1331 fim-

91 1354 262 1414 pliciter
291 1355 487 1413 optimis.
545 1355 728 1399 Videtur
763 1370 890 1414 porro
923 1355 1181 1399 aristocratia
1213 1355 1389 1414 quidem
1415 1355 1492 1400 illa

0 1460 6 1467 .
91 1422 175 1472 effe
194 1423 397 1478 maxime,
418 1423 495 1467 ubi
513 1423 698 1467 honores
728 1438 781 1467 ex
811 1423 969 1467 virtute
1000 1423 1266 1468 deferuntur.
1324 1424 1490 1468 Aristo-

93 1492 239 1540 cratiae
257 1492 374 1536 enim
393 1493 602 1536 terminus
621 1507 672 1536 ac
691 1492 786 1536 finis
805 1493 862 1536 est
885 1493 1024 1536 honos
1046 1509 1057 1535 ε
1087 1493 1358 1552 oligarchiae,
1376 1493 1488 1537 divi-

0 1566 10 1620 ᾗ
68 1609 69 1612 ¹
90 1560 192 1612 ἕως
220 1561 372 1620 ΔῙροριιῐὶ
389 1562 463 1606 seu
481 1561 770 1615 democratiae,
791 1561 981 1605 libertas.
1042 1561 1090 1604 Id
1111 1571 1257 1606 autem
1277 1562 1418 1606 valere
1446 1570 1493 1606 et

6 1687 7 1690 Ἰ
71 1623 234 1681 'ratum
252 1629 351 1683 effe,
370 1629 489 1689 quod
512 1630 706 1688 pluribus
735 1630 956 1688 probetur,
977 1630 1061 1674 hoc
1092 1630 1137 1673 in
1171 1630 1376 1675 omnibus
1405 1631 1492 1674 rei-

7 1735 35 1746 „
64 1745 67 1748 Δ
95 1697 283 1756 publicae
314 1698 655 1744 administrandae
691 1698 841 1742 formis
871 1698 992 1741 inest.
1051 1699 1226 1743 Etenim
1256 1700 1302 1743 in
1330 1700 1491 1759 oligar-

9 1767 10 1770 ’
89 1766 210 1820 chia,
240 1776 295 1811 et.
320 1767 366 1810 in
401 1767 673 1819 aristocratia,
702 1777 748 1810 et
779 1766 824 1810 in
857 1766 1106 1810 civitatibus
1134 1767 1411 1826 popularibus
1441 1783 1494 1815 ae

89 1834 256 1888 liberiS,
277 1834 396 1895 quod
418 1835 552 1880 visum
572 1835 701 1879 fuerit
729 1834 879 1894 majori
910 1836 1020 1894 parti
1049 1851 1198 1879 eorum
1220 1835 1296 1895 qui
1316 1836 1493 1896 reipub-

91 1903 191 1950 licoe
218 1903 592 1954 administrationis
620 1905 718 1948 sunt
748 1905 994 1963 participes,
1019 1904 1105 1948 boc
1134 1914 1276 1948 ratum
1307 1906 1381 1950 est.
1441 1907 1494 1950 In

16 2016 23 2031 „
94 1973 295 2033 plurimis
325 1973 461 2034 igitur
490 1973 736 2022 civitatibus
767 1973 1016 2031 reipublicae
1045 1973 1384 2019 administrandae
1405 1974 1494 2019 for·

6 2064 24 2070 ν
94 2058 183 2098 ma,
203 2043 355 2103 politia.
370 2042 544 2102 generis
563 2042 738 2087 nomine
764 2042 1016 2102 appellatur.
1078 2043 1282 2087 Confufio
1307 2045 1423 2088 enim
1450 2053 1498 2089 et
1547 2056 1549 2060 ·

22 2138 27 2154 i
95 2112 311 2172 permistio
330 2127 384 2156 ex
402 2111 690 2170 locupletibus
710 2121 754 2154 et
774 2111 1033 2170 pauperibus
1062 2112 1231 2156 divitias
1251 2122 1296 2157 et
1316 2113 1497 2158 liberta-

79 2172 207 2236 tem,
221 2190 427 2240 tanquam
449 2180 614 2240 [ignum
635 2181 913 2239 propositum,
934 2180 1127 2224 intuetur
1146 2189 1332 2226 tantum.
1377 2183 1497 2227 Nam

95 2249 185 2295 fere
206 2245 324 2310 apud
351 2248 572 2308 plerosque
604 2248 792 2292 virorum
821 2249 1034 2293 bonorum
1064 2259 1193 2308 atque
1222 2251 1497 2295 honestorum

95 2318 242 2371 locum
262 2317 462 2365 videntur
479 2317 674 2360 obtinere
693 2317 945 2375 locupletes.
1006 2318 1227 2362 Quoniam
1247 2329 1394 2363 autem
1416 2320 1499 2364 tria

31 2438 34 2444 ,
99 2388 212 2443 sunt,
229 2403 330 2448 quae
347 2387 403 2433 de
421 2386 667 2445 reipublicae
685 2386 1058 2433 administrationis
1088 2388 1338 2446 aequalitate
1357 2390 1498 2433 ambi-

15 2509 30 2515 ⁴,
100 2466 217 2518 gunt
251 2465 298 2501 et
329 2455 612 2508 contendunt,
651 2454 841 2508 libertas,
879 2455 1058 2510 divitiae,
1098 2456 1232 2499 virtus
1277 2459 1501 2515 (quartum

102 2525 235 2580 enim,
257 2525 375 2586 quod
395 2524 576 2580 εὐγένειαν
598 2525 760 2577 Graeci,
780 2524 1069 2579 nobilitatem,
1089 2527 1160 2570 seu
1180 2527 1352 2585 generis
1372 2528 1502 2571 boni-

65 2631 72 2639 .
102 2604 239 2647 tatem
256 2610 307 2646 ac
326 2593 606 2654 praestantiam
626 2594 843 2652 appellant
862 2595 1022 2650 Latini,
1046 2595 1279 2640 comitatur
1298 2597 1501 2641 duobus.

104 2679 218 2715 mm
222 2664 409 2723 generis
439 2662 637 2722 splendor
669 2672 714 2705 et
745 2663 996 2721 praestantia,
1033 2664 1104 2707 seu
1140 2665 1357 2719 nobilitas,
1392 2666 1506 2710 nihil

33 2759 59 2794 j:
84 2722 227 2813 aliud
240 2733 299 2777 est
318 2747 449 2792 quam
469 2731 633 2775 divitiae
657 2732 848 2790 antiquae
877 2741 923 2775 et
952 2733 1104 2786 virtus)
1128 2734 1397 2792 perspicuum
1430 2737 1506 2788 est,

23 2803 27 2857 ᾖ
46 2834 62 2866 ⁴(
81 2843 84 2845 Α
92 2802 302 2858 cinnum,
323 2802 394 2848 seu
415 2800 728 2859 permistionem
755 2799 1038 2859 locupletium
1059 2811 1102 2845 et
1121 2817 1373 2861 pauperum,
1394 2805 1507 2862 poli-

105 2871 213 2926 tiam
231 2871 320 2916 dici
338 2870 497 2917 debere
515 2886 529 2915 z
559 2870 917 2929 temperationem
943 2879 1089 2916 autem
1111 2887 1163 2916 ex
1185 2871 1341 2927 tribus,
1360 2873 1505 2918 aristo-

400 200 494 248 DE
528 198 966 246 JREPUBLICA
1003 198 1161 243 1v.s.
1392 205 1475 255 511
