1942 3320
445 181 530 224 402
796 177 815 207 ¹<
873 171 1407 220 ARISTOTELIS:
1478 184 1483 218 ὲ

444 291 856 350 ἱωρετίαῇιὶῇεᾶιιε
884 295 965 339 esse
995 295 1139 350 debet,
1160 313 1245 341 non
1274 298 1371 351 erit-,-
1391 297 1611 356 quomodo
1628 297 1817 358 impet&

444 361 557 404 bene
593 362 791 419 parebit?
835 364 947 408 Cum
983 366 1031 408 fit
1063 366 1176 409 enim
1213 366 1492 424 intemperans
1530 375 1587 413 et*
1610 381 1819 427 aequm

444 427 555 470 nihil
574 427 700 472 faciet
719 445 865 474 eorum
886 447 983 489 quae
1002 432 1136 476 facere
1157 434 1370 477 convenit.
1430 433 1693 490 Perspicuum
1725 433 1811 492 igi-

444 503 516 538 tur
545 497 617 550 est,
649 498 869 542 necessario
900 508 1131 558 utrumque
1164 502 1330 544 virtutis
1353 502 1595 559 participem
1626 501 1705 545 effe
1733 501 1810 545 de-

442 563 571 610 bere:
605 565 674 608 sed
696 565 786 624 ejus
806 567 886 609 effe
911 569 1110 625 quasdam
1132 569 1388 612 differentias
1407 586 1418 612 z
1450 568 1810 627 quemadmodum

442 632 474 674 ii
504 633 578 690 qui
613 613 792 691 praesunt
826 643 996 689 natura,
1028 645 1071 680 et
1105 636 1281 694 subjecti
1315 638 1409 679 sunt
1443 636 1622 694 imperio
1650 645 1813 690 natura,

442 699 553 743 inter
572 701 612 744 se
633 701 844 744 differunt.
904 703 1049 760 Atque
1075 704 1158 747 hoc
1189 704 1354 747 statim
1344 720 1387 746 m
1408 705 1548 747 anima
1568 713 1810 778 promptum

441 776 570 825 atque
590 769 846 827 explicatum
869 772 940 814 est.
1000 773 1048 814 In
1071 787 1119 815 ea
1139 773 1251 815 enim
1273 773 1450 815 alterum
1476 766 1548 825 est,
1563 772 1688 830 quod*
1694 755 1809 831 151·ae-
1827 819 1842 826 ο

442 837 490 879 fit
511 846 685 880 natura·
718 839 912 892 alterum,
934 840 1079 897 quod
1069 841 1245 897 imperio
1265 840 1497 898 subjectum
1519 840 1596 883 fit·
1627 851 1811 899 quorum

440 904 620 947 virtutes
639 905 819 962 dispares
839 906 1008 949 intense
1027 922 1076 950 ac
1094 907 1307 961 diffimiles
1336 908 1416 955 efle
1442 907 1640 961 dicimus,
1659 907 1818 954 mddlioe

440 981 510 1015 cet
535 972 627 1030 ejus
653 973 767 1029 quod
798 973 971 1016 rationis
999 975 1058 1017 est
1091 990 1298 1033 compos:
1329 985 1374 1019 et
1392 975 1482 1032 eius
1501 975 1622 1033 quod
1633 975 1815 1025 rfflnnit

438 1054 587 1097 expers
620 1040 720 1082 est.·
753 1041 877 1084 Licet
912 1040 1045 1100 igitur
1082 1042 1323 1101 intelligere
1357 1043 1418 1096 ita
1455 1058 1544 1088 rem
1578 1043 1619 1090 se
1651 1043 1813 1089 habene

437 1107 565 1150 etiam
586 1107 629 1150 in
649 1107 759 1151 aliis».
821 1110 967 1152 Quare
990 1110 1209 1168 complura
1236 1111 1444 1168 imperant
1476 1119 1647 1164 natum,-
1661 1111 1809 1157 etim·

438 1176 556 1232 perio
575 1185 737 1233 parent.
798 1177 899 1220 Alio
927 1178 1042 1221 enim
1066 1178 1195 1222 modo
1214 1178 1321 1222 liber
1338 1179 1455 1224 servo
1473 1180 1632 1236 praeest,
1653 1184 1814 1228 etnim

357 1247 427 1303 29
439 1243 640 1297 foeminae,
662 1253 706 1287 et
727 1245 785 1286 vir
803 1260 935 1303 puero
953 1262 964 1289 ε
996 1254 1040 1290 et
1059 1246 1102 1288 in
1123 1247 1322 1290 omnibus
1352 1247 1494 1290 insunt
1521 1247 1652 1293 animi
1675 1248 1817 1306 parti·

437 1313 547 1355 culae
566 1329 576 1356 :
607 1312 677 1355 sed
697 1309 880 1358 diffimili
901 1314 1029 1357 modo
1049 1313 1204 1357 insunt.
1264 1316 1416 1358 Servus
1436 1315 1549 1358 enim
1569 1315 1809 1363 omninoe‘et

433 1380 624 1424 universe
640 1395 723 1423 non
746 1381 876 1424 habet
897 1382 1158 1425 consultandi
1179 1382 1450 1426 facultatem:
1483 1383 1662 1428 foemina·
1671 1384 1813 1440 hahet,

434 1448 551 1493 illam
573 1449 767 1506 quidem,
785 1449 856 1492 sed
871 1449 1029 1493 irritam
1047 1459 1090 1494 et
1108 1450 1392 1494 imbecillam:
1415 1466 1521 1508 puer
1541 1452 1670 1496 habet
1687 1453 1816 1496 illam>

433 1516 715 1574 quidem‚,sed
744 1517 1052 1574 imperfefftam.
1112 1518 1316 1562 Similiter
1344 1519 1477 1576 igitur
1495 1528 1539 1563 et
1557 1519 1603 1563 in
1634 1519 1803 1564 virtuti-

432 1586 515 1630 bus
550 1585 782 1631 moralibus
813 1601 899 1628 rem
934 1587 975 1630 se
1011 1587 1166 1630 habere
1200 1587 1360 1631 neeeffe
1390 1588 1475 1631 est:
1507 1597 1634 1647 atque
1661 1590 1808 1632 existi-

431 1653 638 1696 mandum
668 1653 740 1706 est,
767 1668 916 1697 omnes
945 1654 1117 1712 quidem
1148 1670 1294 1699 earum
1322 1654 1546 1712 participes
1569 1656 1655 1706 effe
1676 1670 1813 1713 upon-1⁴

431 1729 538 1775 tere,
560 1737 705 1766 verum
740 1738 824 1765 non
857 1723 1009 1766 eodem
1040 1724 1186 1777 modo,
1208 1723 1278 1767 sed
1307 1732 1514 1782 quantum
1535 1724 1711 1782 quisque
1729 1739 1813 1783 po-v

430 1790 553 1834 stulat
571 1789 624 1833 ad
644 1806 801 1833 munus
820 1791 940 1834 suum
963 1791 1226 1836 obeundum.
1286 1794 1556 1849 Quapropter
1573 1807 1673 1835 eum
1699 1793 1800 1851 qui-

430 1858 546 1911 dem,
566 1858 639 1916 qui
655 1859 827 1916 'praeess'e
847 1858 990 1912 debet,
1011 1860 1166 1903 virtute
1187 1860 1341 1903 morali
1364 1859 1551 1917 per-sehin
1578 1860 1802 1918 praeditum

428 1926 508 1969 effe
526 1937 720 1984 oportere
744 1928 797 1982 (is
816 1927 931 1969 enim
952 1943 1127 1971 munere
1146 1928 1344 1986 fungitur
1361 1927 1601 1985 {impliciter
1617 1937 1663 1971 et
1679 1928 1801 1971 abso.

427 1993 535 2047 Inte,
555 1995 630 2051 qui
651 1994 746 2036 aliis
772 1994 963 2052 praecipit
992 2010 1041 2038 ac
1070 1994 1297 2052 praescribit
1328 1995 1447 2053 quod
1473 1994 1663 2039 faciant:
1693 1996 1803 2039 ratio

427 2069 569 2109 autem
607 2061 878 2119 praecipiendi
911 2072 955 2105 et
985 2063 1277 2120 praescribendi
1301 2062 1376 2120 jus
1405 2062 1590 2118 obtinet)
1620 2063 1800 2108 aliorum

426 2143 525 2171 vero
555 2138 919 2186 unumquemque,
940 2138 1058 2172 tanta
1077 2139 1236 2187 quanta
1255 2131 1298 2172 in
1318 2144 1391 2172 eos
1410 2130 1541 2182 cadit,
1558 2139 1817 2189 quanteque·

424 2195 480 2238 ad
514 2211 588 2239 eos
623 2197 838 2254 pervenire
873 2198 1021 2254 potest.
1075 2199 1230 2255 *Itaque
1250 2198 1515 2256 perspicuum
1547 2200 1620 2252 est,
1641 2199 1696 2245 ad
1725 2214 1800 2243 eos

425 2278 590 2317 omnes,
611 2264 685 2321 qui
719 2279 744 2307 a
770 2265 892 2307 nobis
926 2266 1031 2308 diffl
1061 2265 1414 2319 sunt,'virtutem.
1433 2267 1640 2310 moralem
1667 2268 1816 2325 penti}-¹¹

425 2348 552 2375 nere:
587 2348 725 2390 neque
754 2333 934 2376 eandem
967 2334 1157 2377 mulieris
1178 2343 1221 2377 et
1246 2335 1323 2377 viri
1352 2335 1433 2378 effe
1460 2335 1799 2392 temperantiam,

425 2415 566 2457 neque
593 2400 905 2454 fortitudinem,
927 2417 1065 2459 neque
1083 2402 1306 2460 justitiam,
1327 2402 1687 2459 quemadmodum
1715 2418 1796 2460 pu-

422 2468 540 2510 tabat
558 2457 753 2510 Socrates
774 2485 784 2510 ε
806 2468 887 2510 ,sed
907 2468 1018 2511 hane
1047 2469 1218 2527 quidem
1239 2465 1318 2512 effe
1334 2470 1389 2512 ad
1409 2470 1710 2527 imperandum.
1724 2486 1794 2514 ec·

354 2587 355 2591 ¹
420 2535 751 2587 commodatam,
772 2535 889 2577 illam
909 2536 963 2578 ad
982 2537 1217 2593 parendum
1250 2550 1300 2580 ac
1331 2538 1666 2581 ministrandum.
1725 2539 1795 2584 Si·
1823 2544 1825 2547 ’

420 2602 581 2661 militer
599 2617 724 2658 porro
744 2603 784 2644 se
805 2617 870 2645 res
891 2603 1021 2647 habet
1041 2612 1084 2646 et
1104 2604 1148 2647 in
1167 2604 1276 2647 aliis.
1337 2606 1435 2649 Hoc
1463 2614 1604 2659 autem
1634 2606 1688 2649 iis
1713 2605 1798 2649 erit

420 2669 464 2713 in
492 2679 692 2726 promptu
711 2678 756 2711 et
775 2670 950 2726 patebit,
970 2671 1044 2728 qui
1074 2671 1319 2730 singillatim
1349 2672 1509 2728 potius,
1529 2682 1574 2715 et
1598 2673 1643 2716 in
1662 2673 1799 2730 parth

418 2737 501 2778 bus
531 2751 620 2778 rem
651 2737 988 2781 confiderabunt.
1048 2740 1165 2782 Nam
1196 2739 1271 2797 qui
1302 2740 1489 2782 universe
1511 2740 1795 2794 >dicunt„vit-

417 2812 556 2847 tutem
586 2803 674 2847 effe⁴
695 2805 858 2847 bonum
889 2805 1022 2849 animi
1055 2806 1269 2859 habitum,
1290 2808 1547 2854 autreRam
1568 2808 1795 2865 rationem,
