1942 3320
418 199 503 242 404
766 181 959 229 ARIST.
989 186 1072 230 DE
1100 186 1306 230 REPUB.
1337 187 1376 230 1.
1408 187 1450 230 8.

417 306 596 349 licarum
612 305 768 351 formas
783 307 1010 366 pertinent,
1023 309 1183 352 necefl'e
1197 309 1275 353 erit
1289 308 1496 368 disputare
1510 317 1636 368 atque
1647 310 1786 370 expli-

340 373 399 416 31
419 388 530 417 care.
591 374 807 418 Quoniam
827 375 941 419 enim
963 376 1117 419 domus
1137 377 1313 435 quidem
1339 377 1495 429 omnis,
1515 392 1608 435 pars
1622 378 1785 433 'civita-

417 440 474 484 tis
492 441 578 484 est:
609 441 690 484 hae
707 450 851 486 autem
881 442 1034 486 domus
1065 451 1233 500 partes:
1265 443 1393 501 partis
1414 451 1557 486 autem
1584 442 1785 500 virtutem

415 508 470 552 ad
490 510 624 552 totius
643 509 846 554 virtutem
867 509 1023 554 intueri
1042 518 1209 568 oportet
1226 527 1237 553 ε
1268 510 1428 553 neceffe
1447 511 1504 553 est
1523 509 1787 569 magistratus

415 579 469 622 ad
488 579 673 623 civitatis
703 581 851 623 statum
873 579 1102 633 intuentes,
1123 571 1273 637 pu'eros
1301 587 1347 622 et
1373 579 1572 622 mulieres
1589 580 1756 625 erudite
1769 596 1783 624 2

416 647 619 706 {iquidem
640 647 804 706 aliquid
819 647 946 691 refert
963 647 1017 690 ad
1036 647 1097 701 id,
1117 655 1167 690 ut
1185 647 1333 690 civitas
1360 647 1475 690 bona
1493 655 1538 690 et
1557 647 1668 690 bene
1687 662 1784 690 mo·

415 725 505 759 rata
523 716 585 769 fit,
607 723 700 759 tum
731 730 884 773 pueros
903 715 1039 758 bonos
1058 715 1153 768 effe,
1173 723 1266 758 tum
1293 713 1492 758 mulieres
1517 714 1670 758 bonas..
1721 714 1787 778 At

414 784 640 827 neceffario
668 783 812 839 refert.
870 784 984 826 Nam
1014 782 1214 827 mulieres
1234 782 1408 841 quidem
1429 781 1655 825 hominum
1673 772 1782 829 libe-

413 868 558 896 rorum
589 867 684 911 pars
714 851 892 895 dimidia
921 852 1031 895 sunt.
1090 852 1153 894 Ex
1185 851 1326 909 pueris
1356 866 1456 894 vero
1485 849 1712 914 participes
1731 851 1786 913 ei

413 921 515 964 socii
536 921 643 963 fiunt
664 919 910 979 reipublicae
927 926 971 962 et
991 919 1172 962 civitatis
1196 917 1578 962 administrationis.
1637 919 1784 969 Quare

414 988 617 1046 quoniam
637 988 692 1031 de
710 987 778 1030 his
798 987 975 1045 quidem
1002 987 1259 1044 explicatum
1288 1001 1338 1029 ac
1369 986 1610 1030 distinaum
1635 987 1708 1041 est,
1721 987 1785 1031 de

414 1055 592 1113 reliquis
625 1063 769 1098 autem
803 1055 848 1097 in
879 1054 971 1098 aliis
1003 1054 1124 1097 libris
1157 1053 1385 1097 dicendum
1407 1054 1505 1096 ·:est
1536 1053 1680 1097 omiffa
1701 1053 1784 1097 hae

412 1123 709 1181 disputatione,
729 1130 930 1186 tanquam
956 1121 1161 1175 absoluta,
1180 1130 1308 1179 atque
1334 1120 1388 1163 ad
1416 1121 1542 1165 finem
1565 1121 1783 1180 Ρθῐᾱιιᾶε,

412 1191 530 1234 aliud
563 1191 735 1234 dicendi
769 1191 941 1234 initium
971 1189 1205 1233 faciamus·
1236 1197 1280 1231 et
1315 1189 1502 1247 primum
1534 1203 1680 1232 eorum
1706 1189 1783 1247 qui

413 1258 574 1316 aliquid
594 1258 648 1301 de
666 1258 829 1316 optimo
848 1257 1091 1316 reipublieae
1121 1256 1454 1300 administrandae
1479 1270 1637 1315 genere
1659 1255 1781 1300 dixe·

413 1335 514 1371 runt
532 1334 608 1370 aut
626 1319 906 1380 tradiderunt,
925 1325 1175 1369 sententiam
1192 1324 1425 1369 videamus.
