1898 3308
484 191 571 237 494
916 187 1408 234 ARISTOTELIS
1700 240 1701 243 ,
1838 0 1898 271 Ὗ

481 302 686 346 sententia
721 305 836 350 nulla
871 322 917 351 re
952 319 1124 355 externa
1154 312 1440 371 impediente:
1477 317 1520 354 et
1553 324 1650 369 quae
1680 303 1859 369 quibus,

481 379 590 426 apta,
611 380 737 428 atque
756 378 1088 432 accommodata,
1110 378 1338 437 pervidere.
1396 378 1550 421 Multis
1577 377 1690 422 enim
1717 376 1832 433 opti-

481 451 592 480 mam
614 440 810 499 consequi
834 442 994 487 fortaffe
1023 447 1137 489 nefas
1166 448 1237 490 est.
1296 446 1507 490 Quocirca
1527 461 1606 489 nec
1623 459 1716 488 eam
1737 457 1834 500 quae

482 506 721 563 (impliciter
738 512 793 552 est
813 513 1146 568 praestantiffima‚
1167 530 1245 557 nec
1263 529 1356 557 eam
1385 529 1479 571 quae
1497 528 1572 571 pro
1590 513 1717 556 rebus
1735 510 1831 552 fub-

371 573 391 612 1
404 571 600 632 32jeffis
618 577 673 618 est
691 579 865 635 optima,
884 579 1077 638 ignorare
1102 583 1229 625 debet
1254 583 1362 625 lator
1378 580 1539 640 legum,
1559 579 1718 639 quique
1737 591 1832 621 vere

480 643 747 687 moderandae
766 646 947 691 civitatis
976 650 1148 706 peritus,
1168 659 1226 703 et,
1249 659 1297 693 ut
1317 649 1456 693 Graeci
1474 648 1700 709 appellant,
1719 645 1829 704 poli-

477 709 586 752 ticus
606 712 688 753 est:
719 714 923 768 postremo
953 731 1006 758 ne
1034 732 1124 759 eam
1154 717 1326 775 quidem
1345 725 1511 774 oportet
1538 714 1577 758 ei
1604 714 1685 758 effe
1703 713 1828 772 igno-

475 785 579 829 tam,
600 793 696 834 quae
726 780 773 821 fit
801 795 853 822 ex
881 783 1136 836 conditione,
1157 793 1284 842 atque
1312 788 1377 840 (ut
1405 785 1465 826 ita
1494 782 1652 839 dicam)
1673 782 1828 839 suppo-

475 843 646 885 fitione:
678 845 760 888 hoc
792 847 864 899 est,
895 864 989 905 quae
1022 851 1196 897 cuilibet
1226 851 1297 893 fini
1328 851 1533 908 proposito
1562 849 1624 902 fit,
1655 847 1829 892 consen·-

473 918 610 954 tanea.
669 913 847 969 Oportet
874 916 988 958 enim
1016 918 1143 961 etiam
1168 934 1260 961 eam
1280 934 1376 976 quae
1395 918 1502 961 forte
1520 917 1662 960 oblata
1682 916 1744 968 fit,
1766 914 1840 974 vir

472 976 570 1020 dere
592 979 715 1035 poffe,
738 990 781 1023 et
800 984 1013 1038 quomodo
1031 986 1084 1027 ab
1103 985 1227 1028 initio
1246 986 1531 1038 constituatur,
1551 992 1596 1028 et
1614 982 1828 1042 quomodo

472 1045 698 1089 constituta
717 1048 939 1093 diutiffime
958 1053 1233 1096 conservetur.
1291 1054 1403 1096 Dico
1421 1061 1578 1105 autem,
1598 1050 1715 1095 verbi
1733 1064 1829 1109 gra-

471 1112 545 1164 tia,
568 1113 592 1154 fi
613 1114 682 1157 cui
700 1115 859 1159 civitati
880 1120 1075 1177 contigit,
1098 1131 1145 1164 ut
1165 1135 1299 1178 neque
1319 1121 1479 1178 optima
1496 1118 1827 1163 administrandae

471 1180 715 1238 reipublicae
732 1183 867 1227 forma
886 1195 1039 1239 utatur,
1061 1202 1198 1246 neque
1219 1189 1266 1230 fit
1287 1188 1481 1231 instruaa
1499 1188 1625 1230 rebus
1644 1185 1823 1229 neceffa-

470 1247 558 1301 riis,
594 1265 731 1307 neque
760 1252 886 1295 talem
921 1248 1314 1299 administrationem
1343 1255 1584 1312 reipublicae
1612 1253 1824 1305 adhibeat,

471 1317 636 1372 qualem
657 1333 811 1370 rerum,
831 1336 927 1378 quae
949 1323 1092 1379 praesto
1120 1324 1228 1376 sunt,
1250 1333 1396 1366 natura
1423 1323 1519 1375 fert,
1540 1321 1611 1366 sed
1639 1321 1824 1379 aliquam

469 1382 737 1430 deteriorem.
795 1389 949 1432 Praeter
978 1391 1070 1434 haec
1097 1391 1240 1433 omnia
1258 1402 1399 1434 autem
1430 1404 1522 1432 eam
1555 1404 1654 1447 quae
1681 1387 1823 1432 omni-

470 1450 548 1492 bus
568 1451 807 1497 civitatibus
827 1457 1010 1499 maxime
1029 1467 1127 1514 apta
1144 1459 1214 1510 est,
1232 1459 1480 1516 cognoscere
1499 1464 1680 1519 oportet.
1710 1455 1823 1497 Nam

466 1517 637 1574 plurimi
653 1535 705 1563 ex
725 1521 776 1564 iis
796 1523 871 1580 qui
890 1523 944 1567 de
961 1525 1139 1568 civitatis
1163 1525 1522 1568 administratione
1543 1522 1704 1582 aliquid
1724 1536 1822 1580 pro—

467 1585 664 1630 diderunt
692 1603 740 1632 ac
771 1591 1048 1646 protulerunt,
1079 1593 1235 1635 etiamfi
1265 1587 1415 1636 caetera
1441 1587 1642 1650 praeclara
1663 1591 1822 1646 dicant,

465 1662 648 1697 attamen
668 1656 721 1698 ab
742 1657 923 1701 utilitate
942 1660 1151 1703 aberrant.
1207 1661 1311 1703 Non
1325 1661 1444 1703 enim
1474 1659 1652 1703 videnda
1668 1659 1726 1703 est
1743 1674 1822 1718 op-

466 1720 571 1763 tima
590 1730 772 1776 tantum,
793 1724 861 1767 sed
893 1726 1020 1768 etiam
1050 1741 1100 1769 ea
1127 1742 1222 1784 quae
1242 1727 1369 1784 potest
1388 1725 1492 1769 effe:
1524 1719 1707 1778 similiter
1725 1740 1823 1783 vero

466 1798 510 1831 et
542 1804 637 1845 quae
672 1790 835 1834 facilior
867 1795 938 1846 est,
969 1803 1097 1851 atque
1125 1795 1323 1837 omnibus
1354 1794 1633 1838 communior.
1691 1785 1823 1842 Nunc

465 1866 608 1901 autem
638 1859 710 1902 alii
738 1861 912 1917 quidem
941 1862 1184 1919 reipublicae
1216 1860 1545 1905 administrandae
1571 1854 1822 1905 formam'iu

464 1924 627 1967 summo
647 1925 865 1983 dignitatis
894 1943 942 1970 ae
971 1927 1212 1985 praestantiae
1245 1927 1378 1985 gradu
1407 1927 1594 1984 pofitam,
1615 1935 1660 1969 et
1677 1924 1821 1970 ¹multo

464 2003 661 2050 apparatu
690 2003 733 2036 et
762 1994 1022 2047 molimento,
1043 1996 1262 2053 multaque
1283 1995 1467 2052 impensa
1484 2002 1682 2053 egentem
1701 2009 1820 2052 quae-

464 2069 565 2102 runt
599 2061 762 2104 solum:
807 2062 879 2105 alii
916 2077 1184 2105 communem
1222 2062 1406 2119 aliquam
1443 2070 1822 2105 commemorantes

463 2128 620 2184 potius,
640 2139 826 2183 caeteras,
846 2145 942 2187 quae
961 2132 1036 2173 usu
1055 2139 1230 2187 receptae
1250 2130 1359 2183 sunt,
1379 2130 1620 2187 reipublicae
1638 2129 1818 2172 admini-

463 2195 632 2238 strandae
661 2195 816 2239 formas
845 2197 1132 2254 improbantes
1161 2212 1209 2239 ac
1237 2197 1451 2249 tollentes,
1473 2197 1725 2240 Laconicam
1745 2206 1819 2240 aut

461 2263 587 2305 aliam
612 2250 796 2321 aliquam
826 2265 1003 2321 probant
1029 2279 1078 2306 ac
1107 2264 1295 2306 laudant.
1353 2264 1488 2322 Atqui
1509 2279 1558 2307 ea
1575 2263 1818 2322 reipublicae

460 2329 793 2373 administrandae
826 2331 1048 2388 descriptio
1081 2339 1209 2389 atque
1239 2330 1450 2373 ordinatio
1483 2332 1817 2375 commendanda

459 2405 506 2445 et
524 2398 732 2441 suadenda
759 2398 1005 2441 hominibus
1033 2399 1105 2452 est,
1135 2414 1263 2456 quam
1281 2398 1402 2440 facile
1431 2398 1578 2455 poffint
1600 2399 1815 2456 praesenti-

458 2464 540 2508 bus
559 2466 761 2508 institutis¹
783 2466 927 2522 spretis
947 2481 995 2508 ac
1014 2466 1179 2523 reje&is
1209 2474 1253 2507 et
1282 2466 1524 2522 approbare,
1545 2474 1588 2508 et
1615 2466 1667 2508 ad
1697 2466 1814 2509 usum

459 2547 731 2576 communem
775 2533 994 2576 transferre
1031 2533 1245 2590 civilisque
1291 2533 1389 2575 vitae
1438 2527 1562 2575 cultu*
1602 2534 1812 2591 usurpare.

457 2599 572 2641 Nam
593 2614 677 2641 non
698 2598 871 2640 minoris
897 2600 1031 2655 operis
1062 2614 1111 2642 ac
1141 2598 1302 2655 negotii
1321 2598 1393 2651 est,
1413 2597 1655 2655 reipublicae
1675 2595 1820 2641 admi·v

457 2665 676 2709 nistrandae
705 2666 881 2709 formam
912 2668 1137 2724 corrigere,
1160 2681 1288 2724 quam
1317 2666 1370 2708 ab
1403 2665 1525 2707 initio
1553 2680 1704 2710 novam
1733 2667 1813 2709 ali-

457 2752 584 2794 quam
617 2737 857 2780 instituere:
891 2737 1247 2795 quemadmodum
1282 2745 1326 2779 et
1359 2735 1567 2779 dediscere
1602 2734 1814 2780 difficilius

457 2805 530 2856 est,
548 2820 676 2862 quam
705 2820 730 2848 a
755 2804 962 2863 principio
987 2805 1160 2849 discere.
1219 2803 1433 2848 Quocirca
1461 2811 1611 2861 praeter
1629 2811 1815 2862 eaquae
