1898 3308
383 85 468 142 692
827 83 1327 138 ARISTOTELls

380 204 526 248 racufii
546 220 660 264 aegre
680 205 859 250 ferentes
886 205 928 250 se
957 207 1036 251 effe
1065 206 1282 266 deceptos,
1299 205 1485 265 pecudes
1496 203 1756 265 jugulareet

379 273 576 317 vendere.
636 273 749 317 Cum
770 283 912 318 autem
932 275 986 319 ad
1006 275 1101 332 haec
1129 275 1358 335 Dionyfius
1378 273 1519 318 ediao
1537 267 1757 336 definiiffe't

371 341 710 400 jugulandarum
739 343 951 401 pecudum
983 342 1027 386 in
1058 343 1149 386 dies
1177 358 1420 395 numerum,
1441 340 1503 386 illi
1521 335 1756 387 metantes

378 409 619 454 sacrificare.
677 411 804 467 Tunc
822 411 1050 471 Dionysius
1080 410 1215 455 vetuit
1243 411 1415 455 mactari
1443 411 1650 469 pecudem
1666 408 1754 455 ἰω-

378 477 556 521 minam.
615 464 826 536 Rursum·
815 495 860 522 111
876 478 1072 555 pecuniae
1092 478 1248 536 inopia,
1269 476 1432 536 profeff
1436 493 1518 522 one
1537 471 1651 546 apud
1669 476 1755 522 seso

378 543 555 588 describi
586 533 705 604 juffit
742 545 944 604 pecunias
978 543 1260 598 familiarum,
1293 542 1578 604 quaecumque
1623 538 1755 595 effent

378 614 493 657 orbae
526 614 786 672 parentibus.
847 615 950 657 Quo
981 612 1110 666 fafio,
1143 613 1230 670 ipse
1262 613 1453 671 pecuniis
1483 605 1570 657 illi's
1596 607 1754 657 abusus

376 679 489 735 fuit,
509 682 646 725 donec
679 664 831 739 singuli
865 680 911 723 in
943 679 1060 723 suam
1094 679 1272 723 tutelam
1309 680 1525 723 veniffent.
1583 671 1755 748 Rhegio

377 758 601 826 occupato,
622 749 826 792 advocata
854 748 1058 791 concione
1078 747 1217 791 dixit.
1250 747 1383 792 Quod
1402 727 1582 814 diripere
1599 743 1755 793 urbem
1795 806 1797 809 r

375 816 595 874 ipsorum'
576 832 675 875 Jure
703 816 850 874 posset,
871 816 943 859 sed
962 816 1072 860 velle
1092 815 1147 869 se,
1173 817 1198 858 fi
1221 817 1350 860 modo
1368 815 1536 861 auferat
1549 806 1755 876 impensas

376 883 548 928 factas'
536 900 580 927 ιιι
610 884 655 927 id
679 884 861 938 bellum,
887 891 933 927 et
962 899 1036 942 pro
1048 882 1240 943 singulis
1260 885 1470 943 capitibus
1489 893 1574 929 tres
1594 883 1753 938 minas,

375 967 449 995 eos
486 953 627 995 miffos
662 952 814 996 facere.
872 954 999 996 Tunc
1030 953 1237 1011 Rhegini,
1273 953 1483 1012 quicquid
1503 946 1752 1001 occultave-
1797 1005 1803 1010 ,

375 1020 550 1073 rant,‘id
569 1020 837 1078 protulerunt
857 1020 901 1062 in
923 1019 1211 1078 conspectum.
1269 1021 1327 1063 Et
1355 1034 1455 1063 cum
1485 1019 1612 1079 egeni
1641 1015 1751 1079 quo-

375 1102 460 1144 que
478 1087 704 1144 pecuniam
733 1098 886 1131 mutuo
904 1087 957 1130 ab
979 1087 1315 1145 opulentioribus
1333 1095 1378 1130 et
1396 1087 1581 1131 externis
1608 1087 1752 1147 sump-

377 1154 526 1206 fiffent,
563 1154 622 1197 ita
653 1154 769 1197 illam
805 1154 1010 1198 summam
1044 1148 1347 1212 persolverunt.
1423 1154 1486 1198 At
1521 1148 1754 1215 Dionyfius

376 1222 458 1264 hac
476 1231 664 1279 accepta,
685 1221 960 1264 nihilominus
978 1230 1022 1264 et
1040 1237 1189 1264 omnes
1207 1222 1283 1265 sub
1307 1235 1462 1273 corona
1479 1221 1687 1277 vendidit,
1706 1231 1754 1268 ‘et

260 1283 356 1335 361
376 1289 722 1347 suppelleflilem‚
742 1304 870 1348 quam
891 1289 1151 1333 occultatam
1171 1290 1446 1347 protulerant,
1459 1284 1637 1336 'abstulit
1655 1291 1753 1339 uni·

376 1358 548 1400 versam.
625 1358 787 1400 Mutuo
825 1356 1053 1415 sumpserat
1088 1357 1313 1415 pecuniam
1351 1373 1377 1400 a
1414 1357 1582 1401 civibus
1599 1370 1751 1420 quam

372 1424 584 1467 redderet.
645 1424 844 1480 Cumque
875 1423 939 1467 illi
968 1432 1223 1482 repeterent,
1243 1425 1363 1482 j'uflit
1391 1425 1527 1468 afferri
1547 1411 1602 1469 ad
1619 1427 1662 1470 se
1679 1441 1754 1491 ar-
1790 1430 1795 1434 ”

369 1500 568 1550 gentum,
597 1499 805 1549 quantum
835 1491 1054 1548 poffideret
1076 1490 1374 1549 unusquisque,
1394 1489 1602 1551 propofita
1617 1486 1754 1558 ρῳῳζᾳ

371 1560 537 1612 mortis,
576 1559 649 1601 nifi
684 1558 888 1602 facerent.
963 1558 1111 1602 Allato
1145 1567 1287 1601 autem
1321 1567 1515 1617 argento,
1552 1551 1761 1617 percuffit.

372 1643 617 1680 nummum,
655 1624 714 1669 ita
760 1634 810 1670 ut
857 1624 1082 1670 denarius
1091 1642 1202 1670 unus
1245 1624 1522 1672 aestimaretm‘·
1562 1624 1749 1693 duobus,

371 1710 525 1753 eoque,
546 1693 663 1752 quod
683 1694 919 1736 debebatur
938 1693 1142 1752 quodque
1171 1694 1400 1737 attulerant
1428 1694 1483 1738 ad
1510 1694 1568 1750 se,
1588 1686 1747 1754 peri-'017

370 1762 448 1804 vit.
510 1761 624 1804 Cum
644 1760 821 1802 navibus
841 1769 1013 1803 centum
1032 1760 1076 1802 in
1095 1760 1377 1819 Tyrrheniam
1406 1759 1649 1820 navigasset,
1669 1762 1747 1826 ab·
1790 1760 1805 1769 ”

372 1829 485 1872 stulit
503 1844 557 1872 ex
576 1828 677 1871 fano
696 1828 972 1881 Leucotheae,
994 1835 1038 1871 et
1057 1828 1146 1870 auri
1167 1829 1419 1887 argentique
1437 1829 1686 1887 plurimum,
1705 1839 1750 1876 et

370 1912 455 1940 non
480 1911 629 1954 parum
659 1904 1006 1938 ornamentorum
1035 1903 1303 1939 caeterorum.
1364 1896 1496 1940 Quod
1514 1912 1600 1940 non
1619 1892 1749 1956 fuge..

370 1974 438 2007 ret
472 1973 614 2006 autem
650 1962 800 2019 ipsum,
837 1962 992 2004 habere
1021 1962 1156 2004 multa
1186 1971 1335 2005 nautas
1364 1979 1552 2022 quoque,
1581 1958 1793 2022 praeco?<⁴

371 2029 493 2072 nium
514 2028 602 2071 fieri
615 2027 709 2085 Juff
697 2036 761 2069 t
793 2035 842 2069 ut
861 2027 1090 2069 dimidium
1110 2043 1257 2070 eorum
1287 2044 1385 2085 quae
1409 2027 1586 2087 quisq'ue
1605 2026 1772 2083 abstu-„

369 2098 492 2149 iisset,
525 2096 579 2139 ad
612 2092 654 2138 se
687 2093 927 2147 referretur,
958 2094 1137 2137 alterum
1170 2095 1396 2138 dimidium
1423 2096 1602 2140 retinere
1635 2096 1765 2156 pofl’e
1814 2142 1819 2147 ,

370 2180 469 2208 eum
490 2164 568 2222 qui
586 2161 838 2206 abstuliffet:
871 2161 947 2219 qui
977 2176 1063 2204 non
1092 2162 1310 2216 retulisset,
1329 2163 1370 2205 ei
1397 2162 1548 2207 mortis
1567 2162 1747 2222 vpoenam

369 2231 600 2291 proposuit.
659 2228 865 2272 Arbitrati
894 2238 1037 2272 autem
1070 2239 1225 2283 nautae,
1259 2230 1285 2273 fi
1320 2223 1547 2274 dimidium
1579 2224 1749 2285 remiis-⁴*

370 2301 476 2353 sent,
499 2307 596 2342 tuto
615 2299 655 2341 se
674 2305 910 2340 retenturos
938 2297 1018 2340 effe
1046 2297 1222 2356 reliqua,
1241 2297 1348 2341 illud
1375 2299 1644 2353 retulerunt.·
1676 2295 1749 2346 'At

370 2367 598 2425 Dionyfius
637 2365 705 2407 his
743 2364 943 2422 acceptis,
982 2364 1146 2409 rursum
1195 2365 1422 2422 dimidium
1469 2365 1622 2434 referre
1670 2364 1746 2413 eos

362 2436 494 2493 juffit.

427 2501 618 2545 Mendaei
637 2501 843 2544 fruffibus
863 2516 970 2560 quos
987 2501 1212 2545 redderent
1229 2509 1376 2559 portus
1395 2509 1440 2546 et
1457 2485 1538 2546 alia
1558 2503 1754 2570 vectiga-⁴

367 2571 440 2622 lia,
472 2571 701 2614 utebantur
730 2569 785 2612 ad
816 2569 998 2612 civitatis
1032 2568 1477 2615 administrationem.
1510 2570 1593 2615 Sed
1625 2565 1753 2630 quod¹
1781 2567 1784 2570 ’
1811 2574 1813 2577 ’

368 2655 421 2682 ex
441 2640 528 2682 solo
547 2648 591 2682 et
611 2638 799 2685 aedificiis
827 2630 1125 2696 perciperetur,
1147 2638 1192 2681 id
1209 2653 1293 2681 non
1314 2636 1560 2708 exigebant,
1579 2655 1630 2684 ac
1658 2655 1739 2684 no-

366 2708 483 2751 mina
519 2716 686 2751 tanturn
723 2707 1022 2766 occupantium
1055 2704 1380 2772 perscribebant.
1455 2705 1557 2752 Qui
1572 2703 1766 2767 quoties,
