1942 3320
2 1540 33 1654 25&-
4 1504 9 1507 ,

496 159 600 205 DE·
635 157 869 205 REPUB
883 158 1062 208 ch
1099 158 1157 203 11.
1186 171 1231 214 4.
1459 168 1544 216 419

154 281 290 334 δή..
335 283 524 330 Quodsi
542 282 638 342 quis
656 282 783 327 talem
803 281 914 326 =vitae
942 280 1148 324 rationem
1170 295 1310 339 neque
1330 280 1546 338 privatam

151 352 584 412 mpp‘nnhlionmet
597 364 879 395 communem
887 349 1071 392 civitatis
1082 350 1249 407 probat,
1264 349 1546 395 nihilominus

151 420 618 470 nmmffirmidolosos
630 428 676 464 et
695 418 920 465 horribiles
939 419 1022 461 effe
1042 427 1215 476 oportet
1230 418 1435 470 hostibus,
1458 433 1545 462 non

147 488 379 537 blm-iu
401 489 592 548 proprios
615 488 729 532 >fines
757 486 1091 540 incurrentibus,
1122 485 1192 530 sed
1220 486 1350 541 etiam
1380 487 1543 543 postea-

149 571 287 616 'ann
326 558 608 603 discefferunt.
681 558 795 601 Tum'
845 555 1171 600 multitudinem
1219 556 1450 609 bonorum,
1501 564 1544 598 et
1560 557 1629 611 49

149 625 502 685 magnitudinem
531 626 595 671 rei
620 624 841 669 familiaris
862 623 1091 668 videndum
1120 624 1178 666 est
1208 623 1421 681 numquid
1450 638 1543 666 me·

146 691 241 738 Μ
263 693 396 738 horit
421 694 545 738 aliter
571 693 763 747 definire,
784 693 868 735 hoc
895 693 970 744 est,
990 691 1158 749 planius
1185 700 1316 749 atque
1343 690 1544 748 apertius.

149 761 314 808 muts
348 763 464 808 euim
505 762 661 821 cuique
697 762 759 805 rei
797 761 1017 805 familiaris
1060 759 1286 804 facultates
1325 759 1546 818 suppetere

148 829 491 890 di‘cib-oporoere,
510 839 562 874 ut
578 830 802 889 frugaliter
830 839 875 873 et
903 837 1190 886 temperanter
1223 827 1361 871 vivere
1388 835 1544 885 queat:

148 898 334 958 poinde
362 902 417 944 ω’
444 900 471 942 fi
500 898 597 958 quis
627 898 804 952 diceret,
839 906 890 941 ut
922 898 1034 941 bene
1065 896 1205 940 vivere
1236 905 1383 954 queat.
1444 897 1545 940 Hoc

149 966 273 1014 euim
290 968 688 1026 magisuniversum
708 968 780 1021 est,
802 975 846 1010 et
865 966 994 1010 latius
1023 974 1158 1023 patet.
1220 967 1425 1009 Praeterea
1442 981 1545 1009 vero

152 1035 258 1090 lium
283 1037 427 1082 vivere
457 1037 698 1096 frugaliter,
726 1047 772 1080 et
801 1046 947 1081 tamen
977 1036 1212 1080 aerumnose
1245 1044 1289 1079 et
1321 1035 1544 1079 laboriose.

150 1104 392 1150 mamelior
408 1109 502 1150 erat
518 1105 726 1159 definitio,
748 1114 799 1149 ut
818 1105 1039 1164 frugaliter
1071 1113 1116 1148 et
1145 1104 1377 1148 liberaliter
1405 1105 1546 1148 vivere

151 1182 306 1232 quat.
359 1175 606 1233 Utrumque
634 1174 749 1217 enim
780 1174 999 1232 separatim
1020 1174 1219 1232 politum,
1241 1173 1425 1216 alterum
1443 1173 1544 1232 qui-

151 1241 506 1297 dem-luxuriam,
526 1243 706 1287 alterum
727 1243 980 1286 laboriosam
1001 1243 1131 1286 vitam
1150 1243 1362 1300 sequetur.
1408 1243 1547 1287 Nam-

153 1310 321 1369 quo¹hi
347 1310 426 1356 soli
453 1311 628 1356 habitus
648 1311 692 1354 in
713 1312 790 1355 usu
808 1311 870 1354 rei
891 1311 1111 1354 familiaris
1138 1311 1236 1354 sunt
1264 1310 1472 1369 optabiles
1500 1320 1547 1355 et

150 1379 380 1437 'expetendi
395 1396 408 1422 t
438 1380 559 1422 verbi
575 1380 731 1438 gratia,
751 1394 797 1422 re
818 1378 1017 1423 familiari
1035 1393 1122 1422 non
1150 1379 1254 1429 licet
1283 1379 1437 1422 leniter
1463 1379 1544 1433 uti,

145 1446 442 1493 'aut-fortiten
472 1455 758 1506 temperanter
778 1463 878 1492 vero
896 1456 940 1490 et
958 1446 1192 1490 liberaliter
1219 1447 1335 1491 licet.
1397 1448 1546 1492 Quare

145 1514 295 1568 athos
311 1515 415 1560 usus
440 1516 485 1559 in
514 1516 790 1559 facultatibus
818 1525 863 1559 et
894 1515 1074 1573 pecunia
1106 1516 1255 1559 versari
1274 1517 1448 1560 ,necesse
1470 1517 1542 1560 est.

150 1583 401 1628 Absurdum
421 1598 548 1642 porro
566 1585 639 1638 est,
659 1599 760 1627 cum
791 1583 1076 1642 aequationem
1106 1584 1320 1627 bonorum
1342 1585 1543 1628 introdu-

149 1661 239 1707 cat,
260 1651 316 1696 de
333 1652 397 1696 fiis
424 1667 523 1710 quae
548 1651 603 1695 ad
630 1652 791 1695 civium
824 1651 1148 1696 multitudinem
1183 1652 1415 1710 pertinent,
1435 1653 1543 1696 nihil

153 1719 349 1773 statuere,
378 1719 452 1762 sed
479 1719 710 1762 liberorum
741 1718 1023 1777 procreationi
1051 1734 1194 1777 neque
1225 1719 1405 1764 modum
1435 1736 1541 1764 con-

152 1785 336 1840 stituere,
356 1802 495 1846 neque
513 1787 643 1830 finem
663 1796 828 1830 certum
850 1787 1095 1846 imponere:
1127 1787 1307 1845 proinde
1336 1790 1449 1847 quafi
1469 1788 1540 1832 fu-

153 1863 298 1898 turum
332 1855 397 1908 fit,
434 1864 485 1899 ut
519 1855 618 1898 satis
649 1864 902 1913 exaequetur
934 1869 1035 1899 cum
1069 1846 1219 1900 eadem
1245 1857 1540 1913 multitudine,

149 1937 251 1981 quae
279 1922 405 1966 initio
427 1922 586 1976 fuerit,
621 1931 793 1981 propter
821 1923 1045 1976 orbitates,
1075 1932 1152 1968 aut
1180 1934 1352 1983 propter
1381 1926 1541 1970 liberos

149 2004 239 2035 non
257 1989 488 2049 susceptos,
504 1991 782 2049 quantumvis
802 1991 927 2034 multi
944 1992 1182 2046 nascantur,
1203 1994 1304 2052 quia
1322 1995 1407 2039 hoc
1425 1996 1543 2039 vide·

140 2066 222 2108 ,tur
256 2058 389 2103 etiam
426 2074 543 2104 nunc
576 2059 622 2103 in
659 2059 906 2103 civitatibus
942 2061 1179 2105 usuvenire.
1241 2062 1327 2106 Sed
1365 2063 1542 2107 deberet

147 2127 247 2172 hnc
263 2127 746 2188 reslongejuflioribus
775 2137 821 2172 et
848 2123 1191 2173 accuratioribus
1206 2131 1468 2189 ponderibus
1496 2133 1541 2176 in

147 2193 395 2241 civitatibus
425 2195 674 2250 examinari,
704 2196 864 2240 servata
891 2197 989 2255 lege
1020 2198 1222 2252 Socratis,
1244 2214 1374 2258 quam
1408 2214 1539 2244 nunc.

146 2263 281 2309 Nune
298 2264 416 2309 enim
434 2279 563 2308 nemo
581 2265 766 2323 egestate
794 2265 976 2320 laborat,
997 2266 1100 2325 quia
1117 2267 1233 2310 bona
1256 2267 1541 2313 multitudine

147 2332 279 2386 divisa
297 2333 416 2388 sunt,¹
429 2342 762 2392 quantacunque
793 2333 868 2376 illa
898 2334 960 2381 fit.
1017 2336 1146 2379 Tunc
1173 2345 1322 2380 autem
1347 2353 1448 2382 cum
1468 2338 1537 2381 di-

147 2401 233 2448 vifit
250 2417 337 2446 non
356 2401 488 2447 effent
503 2417 518 2454 ;
549 2402 710 2447 neceffe
740 2402 839 2446 effet
860 2417 936 2446 eos
954 2403 1029 2461 qui
1048 2412 1201 2462 praeter
1230 2421 1473 2460 numerum,
1494 2415 1540 2451 et

147 2480 266 2517 extra
296 2470 493 2514 ordinem
530 2470 798 2524 acceffiffent,
834 2471 942 2515 nihil
982 2472 1155 2526 habere,
1195 2474 1276 2517 five
1315 2476 1539 2532 pauciores

143 2537 275 2583 effent
294 2552 490 2592 numero,
511 2538 592 2581 five
610 2537 770 2596 plures.
829 2538 1087 2582 Existimarit
1109 2550 1254 2584 autem
1284 2542 1440 2600 aliquis
1452 2532 1535 2587 ⁴de-

146 2605 280 2653 buiffe
299 2605 569 2665 procreandis
589 2605 735 2650 liberis
763 2616 929 2650 certum
958 2609 1138 2652 modum
1169 2611 1366 2655 constitui
1398 2613 1537 2671 magis

144 2690 276 2734 quam
304 2674 597 2729 facultatibus,
618 2684 668 2718 ut
687 2691 741 2719 ne
759 2676 857 2734 quis
875 2677 1018 2735 plures
1038 2678 1146 2723 filios
1167 2690 1422 2738 procrearet.
1484 2684 1536 2727 In

142 2744 226 2788 hae
244 2753 390 2788 autem
409 2743 688 2788 multitudine
707 2744 999 2802 praefinienda,
1019 2755 1066 2790 et
1085 2748 1220 2791 varios
1249 2750 1400 2794 mortis
1419 2752 1537 2795 casus

143 2812 465 2858 confiderandos
494 2828 544 2858 ac
575 2813 825 2873 spectandos
844 2815 941 2869 effe,
974 2817 1000 2860 fi
1030 2816 1105 2875 qui
1136 2815 1248 2863 forte
1272 2834 1439 2874 eorum,
1460 2820 1536 2879 qui

774 2897 803 2927 E
825 2898 849 2926 e
868 2897 894 2928 2
