1898 3308
388 186 473 236 452
834 181 1333 230 AR1s‘r0TELts

388 302 468 344 effe
486 302 713 361 particeps,
732 318 829 348 eum
841 305 935 365 jam
953 307 1082 367 hujus
1100 308 1281 352 civitatis
1298 306 1480 352 dicimus
1499 308 1580 352 effe
1598 304 1760 350 civem

307 362 378 415 86
389 370 602 416 civitatem
626 382 786 429 autem,
815 384 866 418 ut
895 375 1137 435 {impliciter
1165 377 1322 430 dicam,
1353 377 1502 421 talium
1531 374 1760 420 hominum

386 439 710 485 multitudinem
738 450 918 496 tantam,
948 453 1107 501 quanta
1133 444 1231 488 satis
1251 445 1299 487 fit
1317 444 1371 487 ad
1391 444 1558 503 copiam
1580 443 1758 502 *plenam

382 521 432 550 ac
457 507 670 564 refertam,
691 510 888 569 nihilque
917 511 1020 553 foris
1050 511 1352 569 requiientem,
1371 526 1510 555 rerum
1540 511 1595 555 ad
1625 509 1758 554 vitam

384 574 623 634 degendam
643 567 977 621 neceffariarutn.
1384 571 1390 576 “

895 731 899 736 ·
960 725 1161 750 *-

939 850 1026 894 CA
1049 852 1094 893 Ρ.
1136 851 1197 892 ΙΙ.

407 965 473 1005 De
506 963 667 1008 Politice
695 963 864 1006 materia
895 963 1077 1023 proxima
1100 962 1322 1021 generatim
1354 963 1459 1020 agit,
1493 963 1543 1005 de
1573 961 1726 1007 civibus
1757 1000 1759 1003 ,

970 1031 1141 1090 scilicet.

433 1121 772 1164 DEFINIUNT
809 1127 954 1162 autem
993 1120 1168 1177 quidam
1217 1119 1370 1173 civem,
1408 1118 1757 1163 consuetudinem

375 1189 627 1246 spe&antes,
649 1188 724 1247 qui
744 1203 797 1231 ex
816 1197 1000 1245 utroque
1028 1196 1203 1245 parente
1223 1187 1316 1230 cive
1335 1194 1459 1230 natus
1484 1188 1560 1240 est,
1587 1194 1674 1230 non
1699 1192 1754 1229 ex

373 1257 507 1300 altero
526 1265 709 1310 tantum,
732 1263 781 1299 ut
802 1271 854 1299 ex
875 1263 992 1313 patre
1017 1265 1092 1298 aut
1121 1258 1272 1298 matre.
1331 1254 1422 1297 Alii
1449 1259 1592 1298 autem
1615 1253 1751 1298 etiam

372 1326 457 1369 hoc
487 1325 660 1384 longius
690 1324 911 1382 requirunt
939 1338 988 1366 ac
1020 1332 1233 1381 repetunt,
1255 1323 1372 1365 verbi
1401 1323 1553 1381 gratia,
1573 1323 1627 1366 ad
1643 1332 1756 1366 *avos

372 1393 496 1448 duos,
528 1401 602 1436 aut
640 1400 742 1444 tres,
780 1400 856 1434 aut
893 1391 1033 1449 plures
1067 1390 1418 1448 progredientes„
1460 1384 1575 1434 Cain
1603 1389 1752 1448 igitur

371 1462 486 1505 cives
505 1461 559 1504 fic
579 1459 837 1503 definiuntur
857 1458 971 1501 civili
991 1473 1124 1510 more,
1144 1466 1189 1500 et
1208 1458 1359 1515 pingui
1386 1457 1598 1511 Minerva,
1618 1457 1749 1500 du'bi-

371 1537 466 1572 tant
485 1528 678 1572 nonnulli
699 1528 752 1570 de
771 1526 898 1569 tertio
916 1526 1008 1579 illo,
1029 1534 1102 1568 aut
1121 1532 1288 1583 quarto,
1309 1525 1530 1582 quomodo
1555 1525 1658 1568 civis
1674 1524 1748 1568 fu·

371 1605 493 1640 turus
519 1597 583 1639 fit.
643 1595 827 1653 Gorgias
856 1593 991 1651 igitur
1019 1592 1272 1644 Leontinus,
1293 1591 1447 1651 partim
1473 1591 1637 1635 fortaffe
1664 1592 1748 1635 du-

369 1665 570 1717 bitanter,
603 1663 756 1721 partim
787 1661 1092 1704 diflimulanter
1120 1660 1317 1717 loquenS‚
1335 1658 1521 1713 dicebat,
1541 1658 1748 1717 quemad-

369 1732 548 1775 modum
570 1731 770 1775 mortaria
788 1730 896 1782 sunt,
918 1744 1015 1787 quae
1035 1742 1061 1771 a
1077 1727 1375 1770 mortariorum
1405 1716 1750 1784 opificibus'effe-

370 1801 438 1843 &a
470 1801 591 1843 sunt:
633 1800 688 1843 fic
722 1807 767 1841 et
798 1797 1014 1841 Lariffaeos
1049 1811 1123 1839 eos
1163 1795 1259 1848 effe,
1294 1795 1369 1854 qui
1402 1805 1428 1837 'a
1457 1788 1759 1840 Larifl‘asomm‘

366 1867 636 1911 effe&0ribus
656 1865 862 1932 procreati
881 1865 977 1908 sunt
995 1881 1004 1906 τ
1036 1863 1117 1907 effe
1137 1864 1251 1906 enim
1274 1863 1439 1920 aliq-uos
1458 1862 1759 1910 Lariss'ae'omtff

367 1936 599 1987 effefi’cores,
627 1944 672 1978 et
699 1935 811 1992 quasi
842 1932 1034 1990 opifices.
1093 1930 1176 1973 Sed
1208 1931 1292 1972 hoc
1321 1931 1378 1972 est
1401 1930 1627 1988 pingue-,et
1646 1931 1745 1973 fitn-

366 2003 479 2060 p'leX.
541 2003 585 2046 Si
613 2003 729 2045 enirn
759 2000 984 2059 participes
1014 2006 1133 2040 erant
1161 1997 1407 2054 reipublicae
1433 1994 1484 2040 ex
1513 2011 1563 2039 ea
1591 1997 1745 2040 'defini-

366 2072 500 2124 tione,
535 2085 662 2128 quam
701 2067 986 2126 exposuimus,
1025 2065 1138 2108 cives
1170 2065 1328 2107 effent:
1373 2064 1431 2106 fin
1464 2063 1625 2117 minus,-
1659 2071 1760 2111 non'

364 2139 495 2182 effent
514 2137 642 2181 cives.
701 2138 818 2179 Nam
847 2149 902 2177 ne
933 2134 1023 2176 fieri
1052 2132 1225 2190 quidem
1257 2131 1407 2189 potest,
1427 2140 1478 2174 ut
1496 2133 1747 2177 natum-effe

364 2222 417 2250 ex
437 2206 520 2249 civi
544 2215 678 2264 patre,
699 2213 774 2247 aut
795 2219 846 2245 ex
868 2201 948 2244 civi
967 2209 1118 2253 matre,
1148 2200 1203 2242 ad
1231 2214 1305 2242 eos
1335 2200 1411 2256 qui
1438 2199 1562 2256 primi
1593 2201 1745 2245 urbem

364 2276 641 2328 habitarunt,
664 2281 738 2315 aut
771 2270 1069 2321 condiderunt,
1108 2267 1494 2311 accommodetur..-
1534 2267 1620 2310 Sed
1655 2267 1745 2312 for·-

363 2343 462 2385 taffe
482 2342 622 2399 magis
643 2340 697 2382 de
716 2339 784 2381 his
811 2336 998 2380 dubitari
1025 2336 1173 2393 potest,
1193 2335 1268 2392 qui
1296 2334 1545 2391 reipublicae
1571 2333 1747 2380 fuerunt
1768 2378 1772 2383 ,

361 2409 604 2467 participes,
636 2406 881 2463 reipublicae
918 2405 1021 2446 statu
1057 2399 1314 2445 immu'tato:
1346 2400 1582 2459 cujusmodi
1611 2403 1669 2445 est
1698 2402 1744 2446 id

362 2476 624 2537 quodlfecit
661 2474 899 2517 Clisthenes
939 2471 1029 2529 post
1075 2479 1279 2527 tyrannos
1327 2470 1513 2513 exafitos.
1571 2469 1744 2516 Multos

362 2546 479 2588 enim
499 2542 745 2602 peregrinos
763 2549 808 2584 et
827 2540 965 2583 servos
994 2547 1039 2581 et
1067 2537 1297 2595 inquilinos
1326 2536 1371 2579 in
1402 2537 1541 2580 tribus
1557 2538 1740 2583 transtu·

361 2614 429 2656 lit.
491 2610 785 2655 Controversia
810 2615 954 2650 autem
983 2621 1081 2664 quae
1112 2606 1166 2648 de
1196 2606 1265 2647 his
1285 2606 1357 2658 est,
1378 2619 1463 2648 non
1487 2606 1546 2648 est
1568 2605 1742 2663 *quisfit

361 2681 483 2733 civis,
504 2680 573 2722 sed
602 2686 745 2721 utrum
779 2677 832 2719 fic
863 2675 1001 2718 faeius
1032 2674 1155 2726 civis,
1169 2673 1278 2731 juste
1300 2687 1353 2715 an
1379 2671 1528 2730 injuste
1548 2673 1597 2715 fit
1613 2673 1738 2722 civis,
1809 2709 1817 2717 a

360 2747 498 2805 Atqui
549 2747 603 2789 de
639 2745 740 2788 ‘hoc
763 2764 766 2767 ¹
793 2754 963 2801 quoque
1010 2750 1214 2799 praeterea
1260 2740 1520 2784 dubitaverit
1565 2738 1740 2799 aliquis,

360 2825 561 2865 utrumne
591 2814 667 2872 q'ui
688 2813 798 2876 juste
821 2825 905 2854 non
927 2810 984 2853 est
1002 2809 1124 2863 civiS,
1145 2819 1231 2852 non
1253 2808 1301 2852 fit
1319 2807 1425 2855 civis
1440 2824 1453 2850 ι
1483 2808 1597 2867 quali
1623 2802 1741 2854 idern
