<?xml version="1.0" encoding="UTF-8"?>
<!DOCTYPE html PUBLIC "-//W3C//DTD XHTML 1.0 Transitional//EN"
    "http://www.w3.org/TR/xhtml1/DTD/xhtml1-transitional.dtd">
<html xmlns="http://www.w3.org/1999/xhtml" xml:lang="en" lang="en">
 <head>
  <title>
</title>
<meta http-equiv="Content-Type" content="text/html;charset=utf-8" />
  <meta name='ocr-system' content='tesseract 3.04.00' />
  <meta name='ocr-capabilities' content='ocr_page ocr_carea ocr_par ocr_line ocrx_word'/>
</head>
<body>
  <div class='ocr_page' id='page_1' title='image "./politicagreeklat02arisuoft_0367.png"; bbox 0 0 1898 3308; ppageno 0'>
   <div class='ocr_carea' id='block_1_1' title="bbox 0 0 194 249">
    <p class='ocr_par' dir='ltr' id='par_1_1' title="bbox 0 0 194 249">
     <span class='ocr_line' id='line_1_1' title="bbox 0 0 194 249; baseline 0 3059"><span class='ocrx_word' id='word_1_1' title='bbox 0 0 194 249; x_wconf 95' lang='lat' dir='ltr'><strong> </strong></span> 
     </span>
    </p>
   </div>
   <div class='ocr_carea' id='block_1_2' title="bbox 364 198 1452 257">
    <p class='ocr_par' dir='ltr' id='par_1_2' title="bbox 364 198 1452 257">
     <span class='ocr_line' id='line_1_2' title="bbox 364 198 1452 257; baseline -0.005 -11"><span class='ocrx_word' id='word_1_2' title='bbox 364 202 460 246; x_wconf 84' lang='lat' dir='ltr'><strong>DE</strong></span> <span class='ocrx_word' id='word_1_3' title='bbox 503 198 936 245; x_wconf 80' lang='lat' dir='ltr'>REPUBLICA</span> <span class='ocrx_word' id='word_1_4' title='bbox 974 198 1062 244; x_wconf 88' lang='lat' dir='ltr'><strong>V1</strong></span> <span class='ocrx_word' id='word_1_5' title='bbox 1092 213 1138 255; x_wconf 91' lang='lat'><strong>4.</strong></span> <span class='ocrx_word' id='word_1_6' title='bbox 1369 207 1452 257; x_wconf 81' lang='lat'><strong>⁵91</strong></span> 
     </span>
    </p>
   </div>
   <div class='ocr_carea' id='block_1_3' title="bbox 0 299 1456 384">
    <p class='ocr_par' dir='ltr' id='par_1_3' title="bbox 0 299 1456 384">
     <span class='ocr_line' id='line_1_3' title="bbox 0 299 1456 384; baseline -0.003 -13"><span class='ocrx_word' id='word_1_7' title='bbox 0 299 9 342; x_wconf 39' lang='lat' dir='ltr'><strong>l</strong></span> <span class='ocrx_word' id='word_1_8' title='bbox 61 325 156 384; x_wconf 59' lang='lat' dir='ltr'><strong>vitssn</strong></span> <span class='ocrx_word' id='word_1_9' title='bbox 160 324 296 384; x_wconf 49' lang='lat' dir='ltr'><strong>vim</strong></span> <span class='ocrx_word' id='word_1_10' title='bbox 329 339 476 369; x_wconf 82' lang='lat' dir='ltr'><strong>earum</strong></span> <span class='ocrx_word' id='word_1_11' title='bbox 507 323 664 383; x_wconf 82' lang='lat' dir='ltr'><strong>ignava</strong></span> <span class='ocrx_word' id='word_1_12' title='bbox 690 331 735 366; x_wconf 89' lang='lat' dir='ltr'><strong>et</strong></span> <span class='ocrx_word' id='word_1_13' title='bbox 766 322 913 366; x_wconf 87' lang='lat' dir='ltr'><strong>vitiosa</strong></span> <span class='ocrx_word' id='word_1_14' title='bbox 937 323 1011 375; x_wconf 85' lang='lat' dir='ltr'><strong>est,</strong></span> <span class='ocrx_word' id='word_1_15' title='bbox 1038 321 1296 379; x_wconf 89' lang='lat' dir='ltr'><strong>nullumque</strong></span> <span class='ocrx_word' id='word_1_16' title='bbox 1325 336 1378 365; x_wconf 84' lang='lat' dir='ltr'><strong>ex</strong></span> <span class='ocrx_word' id='word_1_17' title='bbox 1403 321 1456 366; x_wconf 81' lang='lat' dir='ltr'><strong>iis</strong></span> 
     </span>
    </p>
   </div>
   <div class='ocr_carea' id='block_1_4' title="bbox 0 389 1570 2922">
    <p class='ocr_par' dir='ltr' id='par_1_4' title="bbox 0 389 1570 2922">
     <span class='ocr_line' id='line_1_4' title="bbox 60 389 1455 457; baseline -0.003 -19"><span class='ocrx_word' id='word_1_18' title='bbox 60 392 343 457; x_wconf 63' lang='lat' dir='ltr'><strong>munibus,</strong></span> <span class='ocrx_word' id='word_1_19' title='bbox 339 407 442 453; x_wconf 79' lang='lat' dir='ltr'><strong>quae</strong></span> <span class='ocrx_word' id='word_1_20' title='bbox 461 393 617 436; x_wconf 58' lang='lat' dir='ltr'><strong>traaat</strong></span> <span class='ocrx_word' id='word_1_21' title='bbox 634 390 897 434; x_wconf 85' lang='lat' dir='ltr'><strong>sordidorum</strong></span> <span class='ocrx_word' id='word_1_22' title='bbox 918 399 1049 447; x_wconf 87' lang='lat' dir='ltr'><strong>atque</strong></span> <span class='ocrx_word' id='word_1_23' title='bbox 1069 389 1340 433; x_wconf 88' lang='lat' dir='ltr'><strong>illiberalium</strong></span> <span class='ocrx_word' id='word_1_24' title='bbox 1360 391 1455 449; x_wconf 87' lang='lat' dir='ltr'><strong>opi-</strong></span> 
     </span>
     <span class='ocr_line' id='line_1_5' title="bbox 62 448 1455 516; baseline -0.004 -9"><span class='ocrx_word' id='word_1_25' title='bbox 62 448 211 516; x_wconf 68' lang='lat' dir='ltr'><strong>sie-ihi,</strong></span> <span class='ocrx_word' id='word_1_26' title='bbox 229 470 276 506; x_wconf 88' lang='lat' dir='ltr'><strong>et</strong></span> <span class='ocrx_word' id='word_1_27' title='bbox 294 461 524 506; x_wconf 80' lang='lat' dir='ltr'><strong>forenfium</strong></span> <span class='ocrx_word' id='word_1_28' title='bbox 554 460 800 512; x_wconf 88' lang='lat' dir='ltr'><strong>hominum,</strong></span> <span class='ocrx_word' id='word_1_29' title='bbox 826 465 918 515; x_wconf 80' lang='lat' dir='ltr'><strong>(eos</strong></span> <span class='ocrx_word' id='word_1_30' title='bbox 940 458 1041 501; x_wconf 91' lang='lat' dir='ltr'><strong>dico</strong></span> <span class='ocrx_word' id='word_1_31' title='bbox 1059 457 1134 515; x_wconf 89' lang='lat' dir='ltr'><strong>qui</strong></span> <span class='ocrx_word' id='word_1_32' title='bbox 1155 459 1455 515; x_wconf 88' lang='lat' dir='ltr'><strong>cauponariam</strong></span> 
     </span>
     <span class='ocr_line' id='line_1_6' title="bbox 58 526 1456 586; baseline -0.004 -12"><span class='ocrx_word' id='word_1_33' title='bbox 58 529 246 586; x_wconf 62' lang='lat' dir='ltr'><strong>faciunt)</strong></span> <span class='ocrx_word' id='word_1_34' title='bbox 273 538 320 574; x_wconf 88' lang='lat' dir='ltr'><strong>et</strong></span> <span class='ocrx_word' id='word_1_35' title='bbox 348 529 708 573; x_wconf 81' lang='lat' dir='ltr'>mercenariorum</span> <span class='ocrx_word' id='word_1_36' title='bbox 741 526 995 580; x_wconf 82' lang='lat' dir='ltr'><strong>multitudO,</strong></span> <span class='ocrx_word' id='word_1_37' title='bbox 1028 541 1128 570; x_wconf 91' lang='lat' dir='ltr'><strong>cum</strong></span> <span class='ocrx_word' id='word_1_38' title='bbox 1163 526 1320 570; x_wconf 87' lang='lat' dir='ltr'><strong>virtute</strong></span> <span class='ocrx_word' id='word_1_39' title='bbox 1350 542 1456 570; x_wconf 90' lang='lat' dir='ltr'><strong>con-</strong></span> 
     </span>
     <span class='ocr_line' id='line_1_7' title="bbox 51 595 1455 659; baseline -0.006 -14"><span class='ocrx_word' id='word_1_40' title='bbox 51 596 258 659; x_wconf 63' lang='grc' dir='ltr'>ᾖζωᾶωη</span> <span class='ocrx_word' id='word_1_41' title='bbox 279 598 354 642; x_wconf 85' lang='lat' dir='ltr'><strong>est.</strong></span> <span class='ocrx_word' id='word_1_42' title='bbox 413 599 622 641; x_wconf 82' lang='lat' dir='ltr'><strong>Praeterea</strong></span> <span class='ocrx_word' id='word_1_43' title='bbox 641 612 740 642; x_wconf 89' lang='lat' dir='ltr'><strong>vero</strong></span> <span class='ocrx_word' id='word_1_44' title='bbox 759 597 862 655; x_wconf 91' lang='lat' dir='ltr'><strong>quia</strong></span> <span class='ocrx_word' id='word_1_45' title='bbox 880 596 965 639; x_wconf 89' lang='lat' dir='ltr'><strong>tale</strong></span> <span class='ocrx_word' id='word_1_46' title='bbox 986 596 1070 639; x_wconf 89' lang='lat' dir='ltr'><strong>hoc</strong></span> <span class='ocrx_word' id='word_1_47' title='bbox 1096 595 1185 638; x_wconf 87' lang='lat' dir='ltr'><strong>fere</strong></span> <span class='ocrx_word' id='word_1_48' title='bbox 1213 610 1343 637; x_wconf 90' lang='lat' dir='ltr'><strong>omne</strong></span> <span class='ocrx_word' id='word_1_49' title='bbox 1372 595 1455 638; x_wconf 90' lang='lat' dir='ltr'><strong>ho-</strong></span> 
     </span>
     <span class='ocr_line' id='line_1_8' title="bbox 60 663 1457 725; baseline -0.005 -13"><span class='ocrx_word' id='word_1_50' title='bbox 60 665 231 712; x_wconf 74' lang='lat' dir='ltr'><strong>minum</strong></span> <span class='ocrx_word' id='word_1_51' title='bbox 249 681 392 725; x_wconf 85' lang='lat' dir='ltr'><strong>genus</strong></span> <span class='ocrx_word' id='word_1_52' title='bbox 421 666 466 709; x_wconf 90' lang='lat' dir='ltr'><strong>in</strong></span> <span class='ocrx_word' id='word_1_53' title='bbox 495 665 589 709; x_wconf 85' lang='lat' dir='ltr'><strong>foro</strong></span> <span class='ocrx_word' id='word_1_54' title='bbox 616 665 848 718; x_wconf 88' lang='lat' dir='ltr'><strong>volutetur,</strong></span> <span class='ocrx_word' id='word_1_55' title='bbox 870 673 1001 722; x_wconf 90' lang='lat' dir='ltr'><strong>atque</strong></span> <span class='ocrx_word' id='word_1_56' title='bbox 1030 663 1072 706; x_wconf 89' lang='lat' dir='ltr'><strong>in</strong></span> <span class='ocrx_word' id='word_1_57' title='bbox 1110 664 1219 707; x_wconf 90' lang='lat' dir='ltr'><strong>urbe</strong></span> <span class='ocrx_word' id='word_1_58' title='bbox 1248 671 1457 721; x_wconf 88' lang='lat' dir='ltr'><strong>perpetuo</strong></span> 
     </span>
     <span class='ocr_line' id='line_1_9' title="bbox 59 733 1457 792; baseline -0.004 -13"><span class='ocrx_word' id='word_1_59' title='bbox 59 733 252 790; x_wconf 73' lang='lat' dir='ltr'><strong>nefideat,</strong></span> <span class='ocrx_word' id='word_1_60' title='bbox 284 734 410 779; x_wconf 84' lang='lat' dir='ltr'><strong>facile</strong></span> <span class='ocrx_word' id='word_1_61' title='bbox 445 735 676 779; x_wconf 84' lang='lat' dir='ltr'><strong>conciones</strong></span> <span class='ocrx_word' id='word_1_62' title='bbox 712 733 974 792; x_wconf 85' lang='lat' dir='ltr'><strong>frequentat.</strong></span> <span class='ocrx_word' id='word_1_63' title='bbox 1034 733 1239 776; x_wconf 88' lang='lat' dir='ltr'><strong>Aratores</strong></span> <span class='ocrx_word' id='word_1_64' title='bbox 1274 746 1374 776; x_wconf 89' lang='lat' dir='ltr'><strong>vero</strong></span> <span class='ocrx_word' id='word_1_65' title='bbox 1412 741 1457 774; x_wconf 92' lang='lat' dir='ltr'><strong>et</strong></span> 
     </span>
     <span class='ocr_line' id='line_1_10' title="bbox 61 800 1458 864; baseline -0.004 -15"><span class='ocrx_word' id='word_1_66' title='bbox 61 803 282 864; x_wconf 73' lang='lat' dir='ltr'><strong>agricolae,</strong></span> <span class='ocrx_word' id='word_1_67' title='bbox 303 805 405 863; x_wconf 82' lang='lat' dir='ltr'><strong>quia</strong></span> <span class='ocrx_word' id='word_1_68' title='bbox 423 804 522 848; x_wconf 87' lang='lat' dir='ltr'><strong>sunt</strong></span> <span class='ocrx_word' id='word_1_69' title='bbox 546 819 621 862; x_wconf 92' lang='lat' dir='ltr'><strong>per</strong></span> <span class='ocrx_word' id='word_1_70' title='bbox 646 818 775 862; x_wconf 87' lang='lat' dir='ltr'><strong>agros</strong></span> <span class='ocrx_word' id='word_1_71' title='bbox 803 802 969 860; x_wconf 86' lang='lat' dir='ltr'><strong>disperfi</strong></span> <span class='ocrx_word' id='word_1_72' title='bbox 989 818 999 844; x_wconf 74' lang='grc' dir='ltr'>ε</span> <span class='ocrx_word' id='word_1_73' title='bbox 1032 815 1173 860; x_wconf 89' lang='lat' dir='ltr'><strong>neque</strong></span> <span class='ocrx_word' id='word_1_74' title='bbox 1203 800 1258 844; x_wconf 91' lang='lat' dir='ltr'><strong>ad</strong></span> <span class='ocrx_word' id='word_1_75' title='bbox 1284 809 1458 859; x_wconf 58' lang='lat' dir='ltr'><strong>⁸tempus</strong></span> 
     </span>
     <span class='ocr_line' id='line_1_11' title="bbox 61 870 1456 931; baseline -0.003 -15"><span class='ocrx_word' id='word_1_76' title='bbox 61 873 345 919; x_wconf 77' lang='lat' dir='ltr'><strong>concionibus</strong></span> <span class='ocrx_word' id='word_1_77' title='bbox 362 885 585 917; x_wconf 85' lang='lat' dir='ltr'><strong>occurrere</strong></span> <span class='ocrx_word' id='word_1_78' title='bbox 604 872 787 931; x_wconf 83' lang='lat' dir='ltr'><strong>poffunt,</strong></span> <span class='ocrx_word' id='word_1_79' title='bbox 808 886 948 930; x_wconf 89' lang='lat' dir='ltr'><strong>neque</strong></span> <span class='ocrx_word' id='word_1_80' title='bbox 969 871 1046 914; x_wconf 88' lang='lat' dir='ltr'><strong>tali</strong></span> <span class='ocrx_word' id='word_1_81' title='bbox 1067 878 1284 914; x_wconf 90' lang='lat' dir='ltr'><strong>conventu</strong></span> <span class='ocrx_word' id='word_1_82' title='bbox 1309 870 1456 913; x_wconf 82' lang='lat' dir='ltr'><strong>funili-</strong></span> 
     </span>
     <span class='ocr_line' id='line_1_12' title="bbox 59 938 1457 1003; baseline -0.003 -17"><span class='ocrx_word' id='word_1_83' title='bbox 59 951 128 986; x_wconf 88' lang='lat' dir='ltr'><strong>ter</strong></span> <span class='ocrx_word' id='word_1_84' title='bbox 142 951 290 1003; x_wconf 82' lang='lat' dir='ltr'><strong>egent.</strong></span> <span class='ocrx_word' id='word_1_85' title='bbox 350 943 440 987; x_wconf 87' lang='lat' dir='ltr'><strong>Ubi</strong></span> <span class='ocrx_word' id='word_1_86' title='bbox 460 943 598 1001; x_wconf 86' lang='lat' dir='ltr'><strong>igitur</strong></span> <span class='ocrx_word' id='word_1_87' title='bbox 617 941 805 1001; x_wconf 83' lang='lat' dir='ltr'><strong>contigit</strong></span> <span class='ocrx_word' id='word_1_88' title='bbox 836 950 888 984; x_wconf 92' lang='lat' dir='ltr'><strong>ut</strong></span> <span class='ocrx_word' id='word_1_89' title='bbox 918 940 1015 984; x_wconf 87' lang='lat' dir='ltr'><strong>talis</strong></span> <span class='ocrx_word' id='word_1_90' title='bbox 1043 940 1093 983; x_wconf 88' lang='lat' dir='ltr'><strong>fit</strong></span> <span class='ocrx_word' id='word_1_91' title='bbox 1119 938 1309 999; x_wconf 83' lang='lat' dir='ltr'><strong>regionis</strong></span> <span class='ocrx_word' id='word_1_92' title='bbox 1340 939 1457 990; x_wconf 85' lang='lat' dir='ltr'><strong>fitus,</strong></span> 
     </span>
     <span class='ocr_line' id='line_1_13' title="bbox 61 1007 1453 1071; baseline -0.004 -16"><span class='ocrx_word' id='word_1_93' title='bbox 61 1020 112 1055; x_wconf 84' lang='lat' dir='ltr'><strong>ut</strong></span> <span class='ocrx_word' id='word_1_94' title='bbox 128 1011 223 1071; x_wconf 84' lang='lat' dir='ltr'><strong>agri</strong></span> <span class='ocrx_word' id='word_1_95' title='bbox 243 1011 379 1071; x_wconf 89' lang='lat' dir='ltr'><strong>longe</strong></span> <span class='ocrx_word' id='word_1_96' title='bbox 405 1012 460 1055; x_wconf 91' lang='lat' dir='ltr'><strong>ab</strong></span> <span class='ocrx_word' id='word_1_97' title='bbox 489 1012 596 1055; x_wconf 89' lang='lat' dir='ltr'><strong>urbe</strong></span> <span class='ocrx_word' id='word_1_98' title='bbox 617 1009 769 1054; x_wconf 84' lang='lat' dir='ltr'><strong>remoti</strong></span> <span class='ocrx_word' id='word_1_99' title='bbox 799 1010 893 1065; x_wconf 86' lang='lat' dir='ltr'><strong>fint,</strong></span> <span class='ocrx_word' id='word_1_100' title='bbox 928 1009 990 1052; x_wconf 90' lang='lat' dir='ltr'><strong>ibi</strong></span> <span class='ocrx_word' id='word_1_101' title='bbox 1022 1009 1199 1067; x_wconf 87' lang='lat' dir='ltr'><strong>probam</strong></span> <span class='ocrx_word' id='word_1_102' title='bbox 1231 1007 1453 1052; x_wconf 88' lang='lat' dir='ltr'><strong>democra-</strong></span> 
     </span>
     <span class='ocr_line' id='line_1_14' title="bbox 60 1077 1455 1138; baseline -0.003 -15"><span class='ocrx_word' id='word_1_103' title='bbox 60 1079 167 1123; x_wconf 83' lang='lat' dir='ltr'><strong>tiam</strong></span> <span class='ocrx_word' id='word_1_104' title='bbox 197 1089 243 1124; x_wconf 89' lang='lat' dir='ltr'><strong>et</strong></span> <span class='ocrx_word' id='word_1_105' title='bbox 269 1081 429 1124; x_wconf 86' lang='lat' dir='ltr'><strong>bonam</strong></span> <span class='ocrx_word' id='word_1_106' title='bbox 459 1079 707 1138; x_wconf 80' lang='lat' dir='ltr'><strong>reipublicae</strong></span> <span class='ocrx_word' id='word_1_107' title='bbox 728 1077 1066 1122; x_wconf 75' lang='lat' dir='ltr'><strong>administrandae</strong></span> <span class='ocrx_word' id='word_1_108' title='bbox 1086 1077 1266 1120; x_wconf 89' lang='lat' dir='ltr'><strong>formam</strong></span> <span class='ocrx_word' id='word_1_109' title='bbox 1287 1077 1455 1120; x_wconf 86' lang='lat' dir='ltr'><strong>efficere</strong></span> 
     </span>
     <span class='ocr_line' id='line_1_15' title="bbox 0 1145 1453 1205; baseline -0.002 -13"><span class='ocrx_word' id='word_1_110' title='bbox 0 1159 17 1204; x_wconf 53' lang='grc' dir='ltr'><strong>’χ</strong></span> <span class='ocrx_word' id='word_1_111' title='bbox 60 1147 187 1192; x_wconf 81' lang='lat' dir='ltr'><strong>facile</strong></span> <span class='ocrx_word' id='word_1_112' title='bbox 215 1149 302 1192; x_wconf 80' lang='lat' dir='ltr'><strong>est:</strong></span> <span class='ocrx_word' id='word_1_113' title='bbox 333 1148 495 1192; x_wconf 81' lang='lat' dir='ltr'><strong>necefl&#39;e</strong></span> <span class='ocrx_word' id='word_1_114' title='bbox 520 1148 636 1191; x_wconf 91' lang='lat' dir='ltr'><strong>enim</strong></span> <span class='ocrx_word' id='word_1_115' title='bbox 669 1147 802 1190; x_wconf 87' lang='lat' dir='ltr'><strong>habet</strong></span> <span class='ocrx_word' id='word_1_116' title='bbox 830 1145 1086 1199; x_wconf 89' lang='lat' dir='ltr'><strong>multitudo,</strong></span> <span class='ocrx_word' id='word_1_117' title='bbox 1115 1145 1159 1188; x_wconf 88' lang='lat' dir='ltr'><strong>in</strong></span> <span class='ocrx_word' id='word_1_118' title='bbox 1189 1145 1319 1205; x_wconf 88' lang='lat' dir='ltr'><strong>agris,</strong></span> <span class='ocrx_word' id='word_1_119' title='bbox 1342 1146 1453 1203; x_wconf 85' lang='lat' dir='ltr'><strong>quasi</strong></span> 
     </span>
     <span class='ocr_line' id='line_1_16' title="bbox 0 1213 1458 1293; baseline -0.001 -33"><span class='ocrx_word' id='word_1_120' title='bbox 0 1213 108 1293; x_wconf 47' lang='lat' dir='ltr'><strong>fin</strong></span> <span class='ocrx_word' id='word_1_121' title='bbox 139 1217 577 1271; x_wconf 81' lang='lat' dir='ltr'><strong>coloniis,·habitare.</strong></span> <span class='ocrx_word' id='word_1_122' title='bbox 639 1217 791 1274; x_wconf 88' lang='lat' dir='ltr'><strong>Itaque</strong></span> <span class='ocrx_word' id='word_1_123' title='bbox 823 1215 867 1258; x_wconf 89' lang='lat' dir='ltr'><strong>in</strong></span> <span class='ocrx_word' id='word_1_124' title='bbox 900 1214 1188 1267; x_wconf 84' lang='lat' dir='ltr'><strong>democratiis,</strong></span> <span class='ocrx_word' id='word_1_125' title='bbox 1212 1213 1374 1257; x_wconf 72' lang='lat' dir='ltr'><strong>etiamsi</strong></span> <span class='ocrx_word' id='word_1_126' title='bbox 1407 1215 1458 1258; x_wconf 84' lang='lat' dir='ltr'><strong>fit</strong></span> 
     </span>
     <span class='ocr_line' id='line_1_17' title="bbox 0 1283 1458 1345; baseline -0.003 -14"><span class='ocrx_word' id='word_1_127' title='bbox 0 1295 15 1339; x_wconf 63' lang='grc' dir='ltr'>ξ</span> <span class='ocrx_word' id='word_1_128' title='bbox 64 1286 381 1345; x_wconf 63' lang='grc' dir='ltr'><strong>ῐῃειςηαωὼει</strong></span> <span class='ocrx_word' id='word_1_129' title='bbox 407 1284 595 1338; x_wconf 75' lang='lat' dir='ltr'><strong>forensis,</strong></span> <span class='ocrx_word' id='word_1_130' title='bbox 622 1285 692 1327; x_wconf 91' lang='lat' dir='ltr'><strong>seu</strong></span> <span class='ocrx_word' id='word_1_131' title='bbox 725 1283 962 1328; x_wconf 87' lang='lat' dir='ltr'><strong>tabernaria</strong></span> <span class='ocrx_word' id='word_1_132' title='bbox 994 1293 1038 1326; x_wconf 92' lang='lat' dir='ltr'><strong>et</strong></span> <span class='ocrx_word' id='word_1_133' title='bbox 1069 1284 1247 1337; x_wconf 88' lang='lat' dir='ltr'><strong>urbana,</strong></span> <span class='ocrx_word' id='word_1_134' title='bbox 1279 1298 1363 1326; x_wconf 90' lang='lat' dir='ltr'><strong>non</strong></span> <span class='ocrx_word' id='word_1_135' title='bbox 1398 1284 1458 1327; x_wconf 90' lang='lat' dir='ltr'><strong>est</strong></span> 
     </span>
     <span class='ocr_line' id='line_1_18' title="bbox 0 1333 1459 1413; baseline -0.001 -15"><span class='ocrx_word' id='word_1_136' title='bbox 0 1333 16 1399; x_wconf 61' lang='lat' dir='ltr'><strong>l*</strong></span> <span class='ocrx_word' id='word_1_137' title='bbox 63 1362 208 1398; x_wconf 88' lang='lat' dir='ltr'><strong>tamen</strong></span> <span class='ocrx_word' id='word_1_138' title='bbox 243 1355 427 1412; x_wconf 83' lang='lat' dir='ltr'><strong>populus</strong></span> <span class='ocrx_word' id='word_1_139' title='bbox 459 1353 699 1413; x_wconf 77' lang='lat' dir='ltr'><strong>eogenduS,</strong></span> <span class='ocrx_word' id='word_1_140' title='bbox 735 1368 876 1412; x_wconf 90' lang='lat' dir='ltr'><strong>neque</strong></span> <span class='ocrx_word' id='word_1_141' title='bbox 910 1353 1063 1397; x_wconf 87' lang='lat' dir='ltr'><strong>concio</strong></span> <span class='ocrx_word' id='word_1_142' title='bbox 1097 1353 1342 1396; x_wconf 85' lang='lat' dir='ltr'><strong>advocanda</strong></span> <span class='ocrx_word' id='word_1_143' title='bbox 1375 1354 1459 1396; x_wconf 83' lang='lat' dir='ltr'><strong>fine</strong></span> 
     </span>
     <span class='ocr_line' id='line_1_19' title="bbox 62 1416 1458 1482; baseline -0.001 -17.04"><span class='ocrx_word' id='word_1_144' title='bbox 62 1421 344 1467; x_wconf 87' lang='lat' dir='ltr'><strong>multitudine</strong></span> <span class='ocrx_word' id='word_1_145' title='bbox 360 1423 511 1482; x_wconf 83' lang='lat' dir='ltr'><strong>agresti</strong></span> <span class='ocrx_word' id='word_1_146' title='bbox 532 1431 576 1465; x_wconf 94' lang='lat' dir='ltr'><strong>et</strong></span> <span class='ocrx_word' id='word_1_147' title='bbox 595 1422 760 1466; x_wconf 83' lang='lat' dir='ltr'><strong>rustica.</strong></span> <span class='ocrx_word' id='word_1_148' title='bbox 821 1416 1058 1467; x_wconf 79' lang='lat' dir='ltr'><strong>Quomodo</strong></span> <span class='ocrx_word' id='word_1_149' title='bbox 1077 1421 1211 1481; x_wconf 87' lang='lat' dir='ltr'><strong>igitur</strong></span> <span class='ocrx_word' id='word_1_150' title='bbox 1234 1421 1282 1465; x_wconf 85' lang='lat' dir='ltr'><strong>fit</strong></span> <span class='ocrx_word' id='word_1_151' title='bbox 1302 1422 1458 1465; x_wconf 85' lang='lat' dir='ltr'><strong>consti-</strong></span> 
     </span>
     <span class='ocr_line' id='line_1_20' title="bbox 0 1490 1457 1550; baseline -0.001 -15"><span class='ocrx_word' id='word_1_152' title='bbox 0 1498 17 1550; x_wconf 53' lang='grc' dir='ltr'><strong>Β]</strong></span> <span class='ocrx_word' id='word_1_153' title='bbox 62 1491 224 1535; x_wconf 82' lang='lat' dir='ltr'><strong>tuenda</strong></span> <span class='ocrx_word' id='word_1_154' title='bbox 240 1492 407 1550; x_wconf 83' lang='lat' dir='ltr'><strong>optima</strong></span> <span class='ocrx_word' id='word_1_155' title='bbox 422 1501 468 1535; x_wconf 88' lang='lat' dir='ltr'><strong>et</strong></span> <span class='ocrx_word' id='word_1_156' title='bbox 486 1492 625 1550; x_wconf 88' lang='lat' dir='ltr'><strong>prima</strong></span> <span class='ocrx_word' id='word_1_157' title='bbox 642 1491 920 1544; x_wconf 86' lang='lat' dir='ltr'><strong>democratia,</strong></span> <span class='ocrx_word' id='word_1_158' title='bbox 942 1490 1109 1534; x_wconf 62' lang='lat' dir='ltr'><strong>dietum</strong></span> <span class='ocrx_word' id='word_1_159' title='bbox 1133 1491 1206 1534; x_wconf 90' lang='lat' dir='ltr'><strong>est.</strong></span> <span class='ocrx_word' id='word_1_160' title='bbox 1265 1491 1368 1533; x_wconf 89' lang='lat' dir='ltr'><strong>Non</strong></span> <span class='ocrx_word' id='word_1_161' title='bbox 1399 1492 1457 1534; x_wconf 86' lang='lat' dir='ltr'><strong>est</strong></span> 
     </span>
     <span class='ocr_line' id='line_1_21' title="bbox 0 1556 1570 1627; baseline 0 -23"><span class='ocrx_word' id='word_1_162' title='bbox 0 1556 14 1627; x_wconf 88' lang='grc' dir='ltr'>Ξ</span> <span class='ocrx_word' id='word_1_163' title='bbox 62 1570 206 1604; x_wconf 81' lang='lat' dir='ltr'><strong>autem</strong></span> <span class='ocrx_word' id='word_1_164' title='bbox 237 1561 464 1605; x_wconf 87' lang='lat' dir='ltr'><strong>obscurum</strong></span> <span class='ocrx_word' id='word_1_165' title='bbox 494 1560 717 1619; x_wconf 89' lang='lat' dir='ltr'><strong>quomodo</strong></span> <span class='ocrx_word' id='word_1_166' title='bbox 745 1560 822 1603; x_wconf 86' lang='lat' dir='ltr'><strong>fint</strong></span> <span class='ocrx_word' id='word_1_167' title='bbox 840 1571 884 1603; x_wconf 91' lang='lat' dir='ltr'><strong>et</strong></span> <span class='ocrx_word' id='word_1_168' title='bbox 904 1568 1101 1602; x_wconf 83' lang='lat' dir='ltr'><strong>caeterae:</strong></span> <span class='ocrx_word' id='word_1_169' title='bbox 1134 1574 1231 1602; x_wconf 89' lang='lat' dir='ltr'><strong>nam</strong></span> <span class='ocrx_word' id='word_1_170' title='bbox 1263 1559 1456 1617; x_wconf 85' lang='lat' dir='ltr'><strong>proxime</strong></span> <span class='ocrx_word' id='word_1_171' title='bbox 1471 1563 1570 1606; x_wconf 89' lang='grc'><strong>241</strong></span> 
     </span>
     <span class='ocr_line' id='line_1_22' title="bbox 0 1627 1458 1686; baseline 0.001 -17"><span class='ocrx_word' id='word_1_172' title='bbox 0 1631 15 1679; x_wconf 66' lang='lat' dir='ltr'><strong>[j</strong></span> <span class='ocrx_word' id='word_1_173' title='bbox 63 1636 109 1670; x_wconf 90' lang='lat' dir='ltr'><strong>et</strong></span> <span class='ocrx_word' id='word_1_174' title='bbox 129 1627 315 1672; x_wconf 71' lang='lat' dir='ltr'><strong>{imiliter</strong></span> <span class='ocrx_word' id='word_1_175' title='bbox 342 1627 559 1672; x_wconf 84' lang='lat' dir='ltr'><strong>discedere</strong></span> <span class='ocrx_word' id='word_1_176' title='bbox 585 1642 635 1671; x_wconf 86' lang='lat' dir='ltr'><strong>ac</strong></span> <span class='ocrx_word' id='word_1_177' title='bbox 664 1628 842 1686; x_wconf 83' lang='lat' dir='ltr'><strong>degredi</strong></span> <span class='ocrx_word' id='word_1_178' title='bbox 862 1635 1033 1685; x_wconf 86' lang='lat' dir='ltr'><strong>oportet</strong></span> <span class='ocrx_word' id='word_1_179' title='bbox 1050 1627 1104 1670; x_wconf 89' lang='lat' dir='ltr'><strong>ab</strong></span> <span class='ocrx_word' id='word_1_180' title='bbox 1124 1642 1177 1670; x_wconf 90' lang='lat' dir='ltr'><strong>ea</strong></span> <span class='ocrx_word' id='word_1_181' title='bbox 1194 1642 1291 1684; x_wconf 81' lang='lat' dir='ltr'><strong>quae</strong></span> <span class='ocrx_word' id='word_1_182' title='bbox 1309 1627 1458 1671; x_wconf 81' lang='lat' dir='ltr'><strong>ordine</strong></span> 
     </span>
     <span class='ocr_line' id='line_1_23' title="bbox 0 1695 1461 1753; baseline 0.001 -15"><span class='ocrx_word' id='word_1_183' title='bbox 0 1728 2 1730; x_wconf 88' lang='lat'>-</span> <span class='ocrx_word' id='word_1_184' title='bbox 64 1695 180 1753; x_wconf 89' lang='lat' dir='ltr'><strong>prior</strong></span> <span class='ocrx_word' id='word_1_185' title='bbox 196 1696 271 1750; x_wconf 80' lang='lat' dir='ltr'><strong>est,</strong></span> <span class='ocrx_word' id='word_1_186' title='bbox 292 1705 338 1740; x_wconf 94' lang='lat' dir='ltr'><strong>et</strong></span> <span class='ocrx_word' id='word_1_187' title='bbox 355 1696 519 1753; x_wconf 87' lang='lat' dir='ltr'><strong>semper</strong></span> <span class='ocrx_word' id='word_1_188' title='bbox 538 1696 792 1739; x_wconf 69' lang='lat' dir='ltr'><strong>deteriorem</strong></span> <span class='ocrx_word' id='word_1_189' title='bbox 822 1695 1148 1739; x_wconf 89' lang='lat' dir='ltr'><strong>multitudinem</strong></span> <span class='ocrx_word' id='word_1_190' title='bbox 1169 1696 1381 1739; x_wconf 86' lang='lat' dir='ltr'><strong>secernere</strong></span> <span class='ocrx_word' id='word_1_191' title='bbox 1411 1711 1461 1740; x_wconf 91' lang='lat' dir='ltr'><strong>ac</strong></span> 
     </span>
     <span class='ocr_line' id='line_1_24' title="bbox 66 1764 1463 1824; baseline 0.002 -18"><span class='ocrx_word' id='word_1_192' title='bbox 66 1765 270 1822; x_wconf 86' lang='lat' dir='ltr'><strong>separare.</strong></span> <span class='ocrx_word' id='word_1_193' title='bbox 324 1765 541 1808; x_wconf 23' lang='lat' dir='ltr'><strong>*Ultimam</strong></span> <span class='ocrx_word' id='word_1_194' title='bbox 576 1774 720 1808; x_wconf 88' lang='lat' dir='ltr'><strong>autem</strong></span> <span class='ocrx_word' id='word_1_195' title='bbox 755 1764 1061 1808; x_wconf 90' lang='lat' dir='ltr'><strong>democratiam</strong></span> <span class='ocrx_word' id='word_1_196' title='bbox 1094 1773 1315 1822; x_wconf 90' lang='lat' dir='ltr'><strong>propterea</strong></span> <span class='ocrx_word' id='word_1_197' title='bbox 1344 1766 1463 1824; x_wconf 90' lang='lat' dir='ltr'><strong>quod</strong></span> 
     </span>
     <span class='ocr_line' id='line_1_25' title="bbox 66 1833 1464 1893; baseline 0.001 -17"><span class='ocrx_word' id='word_1_198' title='bbox 66 1833 185 1876; x_wconf 82' lang='lat' dir='ltr'><strong>cives</strong></span> <span class='ocrx_word' id='word_1_199' title='bbox 219 1848 371 1877; x_wconf 83' lang='lat' dir='ltr'><strong>omnes</strong></span> <span class='ocrx_word' id='word_1_200' title='bbox 404 1834 655 1891; x_wconf 83' lang='lat' dir='ltr'><strong>reipublicae</strong></span> <span class='ocrx_word' id='word_1_201' title='bbox 694 1833 1070 1877; x_wconf 86' lang='lat' dir='ltr'><strong>administrationis</strong></span> <span class='ocrx_word' id='word_1_202' title='bbox 1107 1833 1184 1877; x_wconf 87' lang='lat' dir='ltr'><strong>fint</strong></span> <span class='ocrx_word' id='word_1_203' title='bbox 1221 1834 1464 1893; x_wconf 86' lang='lat' dir='ltr'><strong>participes,</strong></span> 
     </span>
     <span class='ocr_line' id='line_1_26' title="bbox 67 1901 1461 1961; baseline 0.002 -17"><span class='ocrx_word' id='word_1_204' title='bbox 67 1916 209 1960; x_wconf 87' lang='lat' dir='ltr'><strong>neque</strong></span> <span class='ocrx_word' id='word_1_205' title='bbox 241 1901 424 1961; x_wconf 82' lang='lat' dir='ltr'><strong>cujusvis</strong></span> <span class='ocrx_word' id='word_1_206' title='bbox 457 1902 642 1946; x_wconf 88' lang='lat' dir='ltr'><strong>civitatis</strong></span> <span class='ocrx_word' id='word_1_207' title='bbox 662 1903 720 1945; x_wconf 88' lang='lat' dir='ltr'><strong>est</strong></span> <span class='ocrx_word' id='word_1_208' title='bbox 739 1901 864 1955; x_wconf 87' lang='lat' dir='ltr'><strong>ferre,</strong></span> <span class='ocrx_word' id='word_1_209' title='bbox 885 1917 1026 1961; x_wconf 89' lang='lat' dir='ltr'><strong>neque</strong></span> <span class='ocrx_word' id='word_1_210' title='bbox 1052 1902 1175 1946; x_wconf 87' lang='lat' dir='ltr'><strong>facile</strong></span> <span class='ocrx_word' id='word_1_211' title='bbox 1195 1904 1252 1946; x_wconf 87' lang='lat' dir='ltr'><strong>est</strong></span> <span class='ocrx_word' id='word_1_212' title='bbox 1272 1918 1461 1956; x_wconf 88' lang='lat' dir='ltr'><strong>manere,</strong></span> 
     </span>
     <span class='ocr_line' id='line_1_27' title="bbox 67 1969 1463 2029; baseline 0.003 -17"><span class='ocrx_word' id='word_1_213' title='bbox 67 1970 142 2012; x_wconf 84' lang='lat' dir='ltr'><strong>nifi</strong></span> <span class='ocrx_word' id='word_1_214' title='bbox 179 1969 350 2029; x_wconf 87' lang='lat' dir='ltr'><strong>legibus</strong></span> <span class='ocrx_word' id='word_1_215' title='bbox 387 1980 431 2022; x_wconf 87' lang='lat' dir='ltr'><strong>et</strong></span> <span class='ocrx_word' id='word_1_216' title='bbox 468 1971 670 2014; x_wconf 82' lang='lat' dir='ltr'><strong>institutis</strong></span> <span class='ocrx_word' id='word_1_217' title='bbox 707 1972 817 2014; x_wconf 90' lang='lat' dir='ltr'><strong>bene</strong></span> <span class='ocrx_word' id='word_1_218' title='bbox 854 1971 901 2014; x_wconf 87' lang='lat' dir='ltr'><strong>fit</strong></span> <span class='ocrx_word' id='word_1_219' title='bbox 941 1972 1183 2015; x_wconf 87' lang='lat' dir='ltr'><strong>constituta.</strong></span> <span class='ocrx_word' id='word_1_220' title='bbox 1245 1973 1357 2017; x_wconf 79' lang='lat' dir='ltr'><strong>Quae</strong></span> <span class='ocrx_word' id='word_1_221' title='bbox 1396 1989 1463 2016; x_wconf 86' lang='lat' dir='ltr'><strong>res</strong></span> 
     </span>
     <span class='ocr_line' id='line_1_28' title="bbox 65 2039 1463 2098; baseline 0.004 -17"><span class='ocrx_word' id='word_1_222' title='bbox 65 2051 193 2096; x_wconf 87' lang='lat' dir='ltr'><strong>porro</strong></span> <span class='ocrx_word' id='word_1_223' title='bbox 211 2049 257 2083; x_wconf 93' lang='lat' dir='ltr'><strong>et</strong></span> <span class='ocrx_word' id='word_1_224' title='bbox 276 2039 389 2083; x_wconf 86' lang='lat' dir='ltr'><strong>hanc</strong></span> <span class='ocrx_word' id='word_1_225' title='bbox 408 2049 454 2083; x_wconf 88' lang='lat' dir='ltr'><strong>et</strong></span> <span class='ocrx_word' id='word_1_226' title='bbox 475 2050 651 2084; x_wconf 87' lang='lat' dir='ltr'><strong>caeteras</strong></span> <span class='ocrx_word' id='word_1_227' title='bbox 672 2040 921 2098; x_wconf 87' lang='lat' dir='ltr'><strong>reipublicae</strong></span> <span class='ocrx_word' id='word_1_228' title='bbox 942 2040 1283 2084; x_wconf 71' lang='lat' dir='ltr'><strong>administrandae</strong></span> <span class='ocrx_word' id='word_1_229' title='bbox 1305 2041 1463 2086; x_wconf 85' lang='lat' dir='ltr'><strong>formas</strong></span> 
     </span>
     <span class='ocr_line' id='line_1_29' title="bbox 14 2107 1466 2167; baseline 0.004 -17"><span class='ocrx_word' id='word_1_230' title='bbox 14 2155 16 2157; x_wconf 43' lang='grc'>,</span> <span class='ocrx_word' id='word_1_231' title='bbox 66 2107 241 2165; x_wconf 89' lang='lat' dir='ltr'><strong>perdere</strong></span> <span class='ocrx_word' id='word_1_232' title='bbox 274 2118 404 2166; x_wconf 91' lang='lat' dir='ltr'><strong>atque</strong></span> <span class='ocrx_word' id='word_1_233' title='bbox 435 2118 624 2152; x_wconf 86' lang='lat' dir='ltr'><strong>evertere</strong></span> <span class='ocrx_word' id='word_1_234' title='bbox 655 2108 832 2162; x_wconf 90' lang='lat' dir='ltr'><strong>soleant,</strong></span> <span class='ocrx_word' id='word_1_235' title='bbox 864 2110 1063 2167; x_wconf 86' lang='lat' dir='ltr'><strong>expofitae</strong></span> <span class='ocrx_word' id='word_1_236' title='bbox 1095 2108 1193 2153; x_wconf 90' lang='lat' dir='ltr'><strong>sunt</strong></span> <span class='ocrx_word' id='word_1_237' title='bbox 1223 2110 1310 2153; x_wconf 86' lang='lat' dir='ltr'><strong>fere</strong></span> <span class='ocrx_word' id='word_1_238' title='bbox 1339 2121 1466 2156; x_wconf 85' lang='lat' dir='ltr'><strong>antea</strong></span> 
     </span>
     <span class='ocr_line' id='line_1_30' title="bbox 10 2167 1467 2234; baseline 0.003 -15"><span class='ocrx_word' id='word_1_239' title='bbox 10 2167 33 2207; x_wconf 47' lang='grc' dir='ltr'><em>ἶ</em></span> <span class='ocrx_word' id='word_1_240' title='bbox 65 2175 277 2234; x_wconf 85' lang='lat' dir='ltr'><strong>plurimae.</strong></span> <span class='ocrx_word' id='word_1_241' title='bbox 336 2177 410 2220; x_wconf 92' lang='lat' dir='ltr'><strong>Ad</strong></span> <span class='ocrx_word' id='word_1_242' title='bbox 431 2177 767 2221; x_wconf 84' lang='lat' dir='ltr'><strong>constituendam</strong></span> <span class='ocrx_word' id='word_1_243' title='bbox 794 2187 938 2222; x_wconf 88' lang='lat' dir='ltr'><strong>autem</strong></span> <span class='ocrx_word' id='word_1_244' title='bbox 961 2179 1071 2222; x_wconf 89' lang='lat' dir='ltr'><strong>hanc</strong></span> <span class='ocrx_word' id='word_1_245' title='bbox 1092 2179 1396 2223; x_wconf 89' lang='lat' dir='ltr'><strong>democratiam</strong></span> <span class='ocrx_word' id='word_1_246' title='bbox 1421 2192 1467 2224; x_wconf 92' lang='lat' dir='ltr'><strong>et</strong></span> 
     </span>
     <span class='ocr_line' id='line_1_31' title="bbox 66 2244 1464 2308; baseline 0.005 -20.703"><span class='ocrx_word' id='word_1_247' title='bbox 66 2244 276 2303; x_wconf 89' lang='lat' dir='ltr'><strong>populum</strong></span> <span class='ocrx_word' id='word_1_248' title='bbox 306 2245 477 2290; x_wconf 87' lang='lat' dir='ltr'><strong>firmum</strong></span> <span class='ocrx_word' id='word_1_249' title='bbox 507 2261 559 2290; x_wconf 86' lang='lat' dir='ltr'><strong>ac</strong></span> <span class='ocrx_word' id='word_1_250' title='bbox 587 2247 807 2290; x_wconf 90' lang='lat' dir='ltr'><strong>robustum</strong></span> <span class='ocrx_word' id='word_1_251' title='bbox 835 2247 1120 2302; x_wconf 89' lang='lat' dir='ltr'><strong>reddendum,</strong></span> <span class='ocrx_word' id='word_1_252' title='bbox 1142 2250 1279 2293; x_wconf 88' lang='lat' dir='ltr'><strong>solent</strong></span> <span class='ocrx_word' id='word_1_253' title='bbox 1310 2250 1357 2304; x_wconf 85' lang='lat' dir='ltr'><strong>ii,</strong></span> <span class='ocrx_word' id='word_1_254' title='bbox 1389 2252 1464 2308; x_wconf 89' lang='lat' dir='ltr'><strong>qui</strong></span> 
     </span>
     <span class='ocr_line' id='line_1_32' title="bbox 11 2314 1463 2375; baseline 0.006 -21"><span class='ocrx_word' id='word_1_255' title='bbox 11 2332 34 2370; x_wconf 55' lang='lat'><strong>3²</strong></span> <span class='ocrx_word' id='word_1_256' title='bbox 67 2314 321 2358; x_wconf 84' lang='lat' dir='ltr'><strong>muneribus</strong></span> <span class='ocrx_word' id='word_1_257' title='bbox 339 2314 521 2372; x_wconf 82' lang='lat' dir='ltr'><strong>publicis</strong></span> <span class='ocrx_word' id='word_1_258' title='bbox 541 2315 750 2374; x_wconf 87' lang='lat' dir='ltr'><strong>praepofiti</strong></span> <span class='ocrx_word' id='word_1_259' title='bbox 771 2316 884 2368; x_wconf 88' lang='lat' dir='ltr'><strong>sunt,</strong></span> <span class='ocrx_word' id='word_1_260' title='bbox 906 2333 1035 2374; x_wconf 90' lang='lat' dir='ltr'><strong>quam</strong></span> <span class='ocrx_word' id='word_1_261' title='bbox 1061 2317 1268 2375; x_wconf 87' lang='lat' dir='ltr'><strong>plurimos</strong></span> <span class='ocrx_word' id='word_1_262' title='bbox 1288 2319 1342 2362; x_wconf 91' lang='lat' dir='ltr'><strong>ad</strong></span> <span class='ocrx_word' id='word_1_263' title='bbox 1364 2335 1463 2362; x_wconf 89' lang='lat' dir='ltr'><strong>eum</strong></span> 
     </span>
     <span class='ocr_line' id='line_1_33' title="bbox 69 2381 1466 2444; baseline 0.006 -21.671"><span class='ocrx_word' id='word_1_264' title='bbox 69 2381 274 2426; x_wconf 67' lang='lat' dir='ltr'><strong>assumere</strong></span> <span class='ocrx_word' id='word_1_265' title='bbox 292 2393 423 2442; x_wconf 89' lang='lat' dir='ltr'><strong>atque</strong></span> <span class='ocrx_word' id='word_1_266' title='bbox 442 2398 697 2442; x_wconf 87' lang='lat' dir='ltr'><strong>aggregare,</strong></span> <span class='ocrx_word' id='word_1_267' title='bbox 720 2399 805 2426; x_wconf 92' lang='lat' dir='ltr'><strong>non</strong></span> <span class='ocrx_word' id='word_1_268' title='bbox 838 2385 976 2428; x_wconf 88' lang='lat' dir='ltr'><strong>solum</strong></span> <span class='ocrx_word' id='word_1_269' title='bbox 1008 2401 1240 2444; x_wconf 83' lang='lat' dir='ltr'><strong>germanos</strong></span> <span class='ocrx_word' id='word_1_270' title='bbox 1269 2387 1399 2440; x_wconf 79' lang='lat' dir='ltr'><strong>civeS,</strong></span> <span class='ocrx_word' id='word_1_271' title='bbox 1421 2399 1466 2431; x_wconf 85' lang='lat' dir='ltr'><strong>et</strong></span> 
     </span>
     <span class='ocr_line' id='line_1_34' title="bbox 70 2451 1467 2515; baseline 0.001 -16.924"><span class='ocrx_word' id='word_1_272' title='bbox 70 2466 125 2495; x_wconf 88' lang='lat' dir='ltr'><strong>ex</strong></span> <span class='ocrx_word' id='word_1_273' title='bbox 149 2451 285 2510; x_wconf 72' lang='lat' dir='ltr'><strong>justis</strong></span> <span class='ocrx_word' id='word_1_274' title='bbox 307 2452 469 2510; x_wconf 84' lang='lat' dir='ltr'><strong>nuptiis</strong></span> <span class='ocrx_word' id='word_1_275' title='bbox 498 2462 770 2510; x_wconf 88' lang='lat' dir='ltr'><strong>procreatos:</strong></span> <span class='ocrx_word' id='word_1_276' title='bbox 809 2469 954 2497; x_wconf 90' lang='lat' dir='ltr'><strong>verum</strong></span> <span class='ocrx_word' id='word_1_277' title='bbox 990 2454 1118 2497; x_wconf 88' lang='lat' dir='ltr'><strong>etiam</strong></span> <span class='ocrx_word' id='word_1_278' title='bbox 1152 2471 1206 2498; x_wconf 84' lang='lat' dir='ltr'><strong>ex</strong></span> <span class='ocrx_word' id='word_1_279' title='bbox 1238 2471 1322 2498; x_wconf 90' lang='lat' dir='ltr'><strong>non</strong></span> <span class='ocrx_word' id='word_1_280' title='bbox 1353 2456 1467 2515; x_wconf 83' lang='lat' dir='ltr'><strong>justo</strong></span> 
     </span>
     <span class='ocr_line' id='line_1_35' title="bbox 70 2520 1468 2580; baseline 0.003 -16.788"><span class='ocrx_word' id='word_1_281' title='bbox 70 2520 308 2578; x_wconf 83' lang='lat' dir='ltr'><strong>concubitu</strong></span> <span class='ocrx_word' id='word_1_282' title='bbox 345 2531 485 2574; x_wconf 88' lang='lat' dir='ltr'><strong>natos,</strong></span> <span class='ocrx_word' id='word_1_283' title='bbox 520 2529 566 2564; x_wconf 89' lang='lat' dir='ltr'><strong>et</strong></span> <span class='ocrx_word' id='word_1_284' title='bbox 603 2521 678 2580; x_wconf 90' lang='lat' dir='ltr'><strong>qui</strong></span> <span class='ocrx_word' id='word_1_285' title='bbox 716 2536 771 2564; x_wconf 86' lang='lat' dir='ltr'><strong>ex</strong></span> <span class='ocrx_word' id='word_1_286' title='bbox 803 2523 1007 2566; x_wconf 81' lang='lat' dir='ltr'><strong>alterutro</strong></span> <span class='ocrx_word' id='word_1_287' title='bbox 1045 2533 1221 2580; x_wconf 92' lang='lat' dir='ltr'><strong>parente</strong></span> <span class='ocrx_word' id='word_1_288' title='bbox 1260 2525 1468 2568; x_wconf 87' lang='lat' dir='ltr'><strong>duntaxat</strong></span> 
     </span>
     <span class='ocr_line' id='line_1_36' title="bbox 28 2589 1468 2649; baseline 0.004 -17"><span class='ocrx_word' id='word_1_289' title='bbox 28 2594 34 2649; x_wconf 15' lang='grc' dir='ltr'><strong>Ἀ</strong></span> <span class='ocrx_word' id='word_1_290' title='bbox 72 2589 186 2633; x_wconf 74' lang='lat' dir='ltr'><strong>cives</strong></span> <span class='ocrx_word' id='word_1_291' title='bbox 207 2589 320 2643; x_wconf 89' lang='lat' dir='ltr'><strong>sunt,</strong></span> <span class='ocrx_word' id='word_1_292' title='bbox 341 2589 426 2632; x_wconf 88' lang='lat' dir='ltr'><strong>hoc</strong></span> <span class='ocrx_word' id='word_1_293' title='bbox 446 2590 520 2642; x_wconf 86' lang='lat' dir='ltr'><strong>est,</strong></span> <span class='ocrx_word' id='word_1_294' title='bbox 544 2590 660 2632; x_wconf 90' lang='lat' dir='ltr'><strong>verbi</strong></span> <span class='ocrx_word' id='word_1_295' title='bbox 679 2591 817 2644; x_wconf 89' lang='lat' dir='ltr'><strong>causa,</strong></span> <span class='ocrx_word' id='word_1_296' title='bbox 838 2605 889 2634; x_wconf 85' lang='lat' dir='ltr'><strong>ex</strong></span> <span class='ocrx_word' id='word_1_297' title='bbox 910 2601 1028 2649; x_wconf 87' lang='lat' dir='ltr'><strong>patre</strong></span> <span class='ocrx_word' id='word_1_298' title='bbox 1048 2602 1091 2635; x_wconf 93' lang='lat' dir='ltr'><strong>et</strong></span> <span class='ocrx_word' id='word_1_299' title='bbox 1111 2602 1263 2636; x_wconf 87' lang='lat' dir='ltr'><strong>matre.</strong></span> <span class='ocrx_word' id='word_1_300' title='bbox 1325 2595 1468 2638; x_wconf 89' lang='lat' dir='ltr'><strong>Omne</strong></span> 
     </span>
     <span class='ocr_line' id='line_1_37' title="bbox 11 2657 1469 2721; baseline 0.003 -20"><span class='ocrx_word' id='word_1_301' title='bbox 11 2706 38 2721; x_wconf 40' lang='grc' dir='ltr'><strong>,Ι</strong></span> <span class='ocrx_word' id='word_1_302' title='bbox 73 2657 188 2702; x_wconf 89' lang='lat' dir='ltr'><strong>enim</strong></span> <span class='ocrx_word' id='word_1_303' title='bbox 216 2673 356 2716; x_wconf 86' lang='lat' dir='ltr'><strong>genus</strong></span> <span class='ocrx_word' id='word_1_304' title='bbox 386 2657 471 2701; x_wconf 89' lang='lat' dir='ltr'><strong>hoc</strong></span> <span class='ocrx_word' id='word_1_305' title='bbox 502 2658 730 2701; x_wconf 87' lang='lat' dir='ltr'><strong>hominum</strong></span> <span class='ocrx_word' id='word_1_306' title='bbox 758 2659 813 2701; x_wconf 89' lang='lat' dir='ltr'><strong>ad</strong></span> <span class='ocrx_word' id='word_1_307' title='bbox 847 2659 977 2702; x_wconf 90' lang='lat' dir='ltr'><strong>talem</strong></span> <span class='ocrx_word' id='word_1_308' title='bbox 1010 2661 1219 2719; x_wconf 88' lang='lat' dir='ltr'><strong>populum</strong></span> <span class='ocrx_word' id='word_1_309' title='bbox 1249 2661 1469 2720; x_wconf 90' lang='lat' dir='ltr'><strong>talemque</strong></span> 
     </span>
     <span class='ocr_line' id='line_1_38' title="bbox 36 2724 1470 2790; baseline 0.003 -22"><span class='ocrx_word' id='word_1_310' title='bbox 36 2734 51 2772; x_wconf 70' lang='grc'><strong>“,</strong></span> <span class='ocrx_word' id='word_1_311' title='bbox 71 2724 376 2769; x_wconf 77' lang='lat' dir='ltr'><strong>democratiam</strong></span> <span class='ocrx_word' id='word_1_312' title='bbox 417 2726 558 2785; x_wconf 89' lang='lat' dir='ltr'><strong>magis</strong></span> <span class='ocrx_word' id='word_1_313' title='bbox 594 2727 970 2771; x_wconf 84' lang='lat' dir='ltr'><strong>accommodatum</strong></span> <span class='ocrx_word' id='word_1_314' title='bbox 1009 2730 1082 2777; x_wconf 86' lang='lat' dir='ltr'><strong>est.</strong></span> <span class='ocrx_word' id='word_1_315' title='bbox 1142 2730 1294 2773; x_wconf 89' lang='lat' dir='ltr'><strong>Solent</strong></span> <span class='ocrx_word' id='word_1_316' title='bbox 1335 2731 1470 2790; x_wconf 86' lang='lat' dir='ltr'><strong>igitur</strong></span> 
     </span>
     <span class='ocr_line' id='line_1_39' title="bbox 14 2789 1467 2856; baseline 0.004 -21"><span class='ocrx_word' id='word_1_317' title='bbox 14 2791 23 2812; x_wconf 69' lang='lat'><em>³</em></span> <span class='ocrx_word' id='word_1_318' title='bbox 71 2789 188 2835; x_wconf 85' lang='lat' dir='ltr'><strong>leves</strong></span> <span class='ocrx_word' id='word_1_319' title='bbox 205 2802 250 2837; x_wconf 87' lang='lat' dir='ltr'><strong>et</strong></span> <span class='ocrx_word' id='word_1_320' title='bbox 267 2793 412 2836; x_wconf 89' lang='lat' dir='ltr'><strong>blandi</strong></span> <span class='ocrx_word' id='word_1_321' title='bbox 434 2793 580 2852; x_wconf 90' lang='lat' dir='ltr'><strong>populi</strong></span> <span class='ocrx_word' id='word_1_322' title='bbox 601 2794 799 2837; x_wconf 65' lang='lat' dir='ltr'><strong>du&amp;ores</strong></span> <span class='ocrx_word' id='word_1_323' title='bbox 827 2795 923 2838; x_wconf 85' lang='lat' dir='ltr'><strong>haec</strong></span> <span class='ocrx_word' id='word_1_324' title='bbox 950 2796 1196 2856; x_wconf 85' lang='lat' dir='ltr'><strong>excogitare</strong></span> <span class='ocrx_word' id='word_1_325' title='bbox 1225 2807 1270 2840; x_wconf 91' lang='lat' dir='ltr'><strong>et</strong></span> <span class='ocrx_word' id='word_1_326' title='bbox 1299 2798 1467 2842; x_wconf 88' lang='lat' dir='ltr'><strong>machi·</strong></span> 
     </span>
     <span class='ocr_line' id='line_1_40' title="bbox 14 2854 1468 2922; baseline 0.005 -18"><span class='ocrx_word' id='word_1_327' title='bbox 14 2854 30 2867; x_wconf 70' lang='grc'><em>”</em></span> <span class='ocrx_word' id='word_1_328' title='bbox 73 2859 192 2904; x_wconf 84' lang='lat' dir='ltr'><strong>nari·</strong></span> <span class='ocrx_word' id='word_1_329' title='bbox 223 2861 297 2906; x_wconf 82' lang='lat' dir='ltr'><strong>sed</strong></span> <span class='ocrx_word' id='word_1_330' title='bbox 324 2871 494 2921; x_wconf 86' lang='lat' dir='ltr'><strong>oportet</strong></span> <span class='ocrx_word' id='word_1_331' title='bbox 521 2862 725 2908; x_wconf 71' lang='lat' dir='ltr'><strong>assumere</strong></span> <span class='ocrx_word' id='word_1_332' title='bbox 757 2864 888 2922; x_wconf 86' lang='lat' dir='ltr'><strong>usque</strong></span> <span class='ocrx_word' id='word_1_333' title='bbox 908 2879 977 2920; x_wconf 88' lang='lat' dir='ltr'><strong>eo,</strong></span> <span class='ocrx_word' id='word_1_334' title='bbox 997 2864 1102 2910; x_wconf 87' lang='lat' dir='ltr'><strong>dum</strong></span> <span class='ocrx_word' id='word_1_335' title='bbox 1130 2865 1368 2910; x_wconf 87' lang='lat' dir='ltr'><strong>multitudo</strong></span> <span class='ocrx_word' id='word_1_336' title='bbox 1388 2882 1468 2911; x_wconf 91' lang='lat' dir='ltr'><strong>no-</strong></span> 
     </span>
    </p>
   </div>
   <div class='ocr_carea' id='block_1_5' title="bbox 0 373 14 726">
    <p class='ocr_par' dir='ltr' id='par_1_5' title="bbox 0 373 14 726">
     <span class='ocr_line' id='line_1_41' title="bbox 0 373 14 726; textangle 90"><span class='ocrx_word' id='word_1_337' title='bbox 10 710 14 726; x_wconf 75' lang='lat'><strong>„</strong></span> <span class='ocrx_word' id='word_1_338' title='bbox 0 551 11 682; x_wconf 54' lang='grc' dir='ltr'><strong>-νν-νιν-</strong></span> <span class='ocrx_word' id='word_1_339' title='bbox 1 514 3 518; x_wconf 92' lang='grc'>-</span> <span class='ocrx_word' id='word_1_340' title='bbox 4 471 5 475; x_wconf 33' lang='grc' dir='ltr'><em>Α</em></span> <span class='ocrx_word' id='word_1_341' title='bbox 0 412 7 421; x_wconf 56' lang='grc' dir='ltr'><strong>-π</strong></span> <span class='ocrx_word' id='word_1_342' title='bbox 0 373 3 382; x_wconf 56' lang='lat'><em>⁷</em></span> 
     </span>
    </p>
   </div>
   <div class='ocr_carea' id='block_1_6' title="bbox 0 806 19 1145">
    <p class='ocr_par' dir='ltr' id='par_1_6' title="bbox 0 806 19 1145">
     <span class='ocr_line' id='line_1_42' title="bbox 0 806 19 1145; textangle 90"><span class='ocrx_word' id='word_1_343' title='bbox 0 1114 7 1145; x_wconf 37' lang='grc' dir='ltr'><strong>μ’</strong></span> <span class='ocrx_word' id='word_1_344' title='bbox 0 852 17 1086; x_wconf 48' lang='grc' dir='ltr'><strong>,π’νι-ῡ-τ-πυτή</strong></span> <span class='ocrx_word' id='word_1_345' title='bbox 12 831 19 838; x_wconf 22' lang='grc' dir='ltr'><strong>«Α</strong></span> <span class='ocrx_word' id='word_1_346' title='bbox 15 806 17 809; x_wconf 77' lang='grc'><em>,</em></span> 
     </span>
    </p>
   </div>
   <div class='ocr_carea' id='block_1_7' title="bbox 0 2203 38 2361">
    <p class='ocr_par' dir='ltr' id='par_1_7' title="bbox 0 2203 38 2361">
     <span class='ocr_line' id='line_1_43' title="bbox 0 2203 38 2361; baseline 0 947"><span class='ocrx_word' id='word_1_347' title='bbox 0 2203 38 2361; x_wconf 95' lang='lat' dir='ltr'><strong> </strong></span> 
     </span>
    </p>
   </div>
   <div class='ocr_carea' id='block_1_8' title="bbox 0 2522 23 3308">
    <p class='ocr_par' dir='ltr' id='par_1_8' title="bbox 0 2522 23 3308">
     <span class='ocr_line' id='line_1_44' title="bbox 0 2522 23 3308; baseline 0 0"><span class='ocrx_word' id='word_1_348' title='bbox 0 2522 23 3308; x_wconf 95' lang='lat' dir='ltr'><strong> </strong></span> 
     </span>
    </p>
   </div>
  </div>
 </body>
</html>
