1968 3366
483 197 587 241 mss
617 197 1126 244 REPUBLICA-I.
1156 211 1200 257 5.
1450 203 1529 256 391

142 316 534 377 Qudnam
554 320 654 365 usus
682 319 951 378 flagitaverit,
981 320 1162 364 traetant
1194 336 1254 364 ae
1275 321 1534 379 persequun-

139 386 289 439 ·“κε·
286 386 418 431 &Pali-
444 387 580 445 igitur
607 402 747 431 rerum
775 389 1052 445 parandarum
1071 389 1180 431 ratio
1197 390 1250 433 ab
1270 388 1355 446 ipsa
1384 398 1536 432 natura

134 451 337 497 *ffloeur
343 453 546 497 omnibus
562 454 710 507 tribui,
729 463 779 498 ut
791 455 932 497 statim
947 455 1004 498 ab
1025 463 1121 498 ortu
1139 455 1339 513 primo,-1
1308 455 1369 497 fic
1380 464 1429 497 et
1441 455 1534 512 jam

138 517 329 569 adulti·
340 534 398 564 ne
411 521 629 579 perfeetis.
688 522 863 564 Etenim
891 523 1096 592 principio
1116 532 1159 565 et
1179 523 1231 565 ab
1261 523 1346 580 ipsa
1369 522 1534 579 origine

141 585 296 644 ipim
320 587 432 633 aliae]
446 589 620 647 quidem
657 590 892 632 animantes
923 588 1090 633 tautum
1126 590 1285 633 viuum
1304 603 1419 632 una
1432 605 1532 633 cum

141 653 277 701 Ῑωὶιι
285 657 469 714 pariunt,
489 660 545 701 ut
551 658 648 700 satis
665 657 746 700 effe
766 659 888 715 poffit
906 658 961 701 ad
978 658 1175 701 alendum
1193 659 1238 701 id
1246 656 1376 716 quod
1371 666 1531 701 natum

140 721 232 776 nost,
251 723 395 781 donee
426 724 563 782 ipsum
594 725 666 767 fibi
698 725 959 793 suppeditare
991 725 1249 768 alimentum
1276 726 1424 795 poflit=
1453 739 1529 768 ex-

157 790 291 848 empli
309 791 462 850 gratia,
481 807 765 850 quaecumque
786 807 947 835 vermes
966 801 1042 835 aut
1059 793 1138 835 ova
1153 792 1359 850 pariunt.
1393 792 1530 835 Quae-

157 871 345 917 cumque
362 874 462 903 vero
479 860 634 903 animal
655 860 804 913 edunt,
823 876 873 903 ea
898 861 1056 918 genitis
1085 861 1364 904 alimentum
1355 877 1397 903 m
1421 861 1529 919 seip-

155 925 206 969 fis
226 927 450 971 continent
477 929 608 986 usque
636 928 691 970 ad
717 928 889 986 aliquod
918 938 1104 986 tempus,
1125 929 1214 987 ejus
1234 929 1351 986 quod
1368 929 1434 972 lac
1454 945 1530 986 ap-

155 994 351 1052 pellatur,
371 1006 584 1039 naturam.
643 998 794 1055 Itaque
814 996 1001 1039 fimiliter
1019 1005 1149 1054 atque
1167 996 1350 1040 foetuum
1380 1012 1528 1039 recen-

155 1061 265 1106 tium
297 1078 347 1106 ac
376 1072 618 1107 tenerorum
651 1065 791 1122 gratia
819 1064 980 1122 aliquid
1009 1080 1035 1107 a
1060 1073 1211 1107 natura
1238 1075 1528 1122 comparatum

155 1131 596 1193 est,4undealantur;
633 1133 863 1190 existimare
890 1141 1059 1191 oportet
1089 1133 1250 1177 scilicet
1279 1133 1406 1176 etiam
1436 1135 1527 1176 ani·

152 1199 330 1244 mulium
357 1202 479 1245 causa
507 1201 647 1259 stirpes
675 1217 724 1245 ac
755 1202 918 1260 plantas
950 1201 1030 1244 effe
1059 1210 1192 1255 natas,
1225 1211 1268 1245 et
1301 1202 1528 1246 hominum

151 1269 476 1327 gratia-tatem
507 1270 735 1312 animalia:
771 1270 987 1312 mansueta
1019 1270 1193 1326 quidem
1228 1279 1322 1312 tum
1359 1280 1530 1328 propter

138 1337 406 1394 *rusum2tum
425 1347 594 1395 propter
612 1338 771 1381 vifitum
793 1354 803 1380 ε
834 1338 922 1380 fera
951 1346 1095 1380 autem
1116 1346 1160 1380 et
1179 1338 1369 1395 agrestia,
1391 1339 1417 1380 fi
1441 1353 1527 1382 non

145 1404 313 1459 omnia,
343 1415 388 1449 at
414 1414 530 1449 certe
554 1407 754 1464 plurima,
776 1407 928 1460 vietus,
953 1414 997 1449 et
1028 1406 1171 1449 caeteri
1200 1406 1366 1450 subsidii
1399 1415 1529 1465 atque

136 1470 391 1530 -adjumenti
420 1474 556 1526 causa,
576 1483 627 1517 ut
655 1484 700 1517 et
730 1475 900 1518 vestitus
929 1483 974 1517 et
1001 1474 1084 1516 alia
1109 1474 1383 1518 instrumenta
1403 1489 1456 1518 ex
1477 1476 1529 1519 iis

138 1549 459 1598 :commentum
518 1542 564 1585 Si
593 1542 725 1600 igitur
753 1553 903 1585 natura
922 1542 1032 1584 nihil
1056 1556 1192 1599 neque
1212 1541 1526 1599 imperfefiffim,

140 1609 462 1666 aeque-<frustra
487 1610 605 1662 facit,
627 1611 786 1654 neeeffe
815 1611 873 1653 est
901 1626 951 1653 ea
977 1611 1121 1653 omnia
1151 1610 1375 1652 bominum
1404 1612 1528 1654 eausa

143 1673 287 1720 fecisse
305 1685 516 1722 naturam.
577 1679 847 1736 Quapropter
867 1678 995 1720 etiam
1023 1677 1194 1720 scientia
1221 1677 1282 1719 rei
1311 1677 1526 1731 militaris,

141 1757 217 1786 ars
234 1743 319 1787 erit
335 1745 653 1802 quodammodo
673 1746 727 1788 ad
749 1745 1021 1802 quaerendum
1051 1760 1102 1788 ac
1132 1745 1362 1802 parandum
1391 1760 1525 1802 appo-

140 1811 222 1858 'fita
250 1820 415 1855 natm-a.
471 1813 704 1859 Venatoria
731 1813 863 1866 enim,
885 1828 980 1871 pars
999 1813 1090 1871 ejus
1110 1813 1184 1865 est,
1206 1827 1290 1870 qua
1315 1813 1526 1856 utendum

140 1879 206 1923 est
223 1880 335 1924 etin
353 1880 481 1935 feras,
495 1881 597 1924 etin
619 1897 694 1924 eos
711 1881 923 1935 homines,
939 1882 1012 1939 qui
1028 1881 1082 1924 ad
1100 1881 1331 1939 parendum
1349 1881 1526 1939 imperio

140 1957 299 1995 natura
315 1948 433 2002 faeti,
452 1963 596 2007 parere
615 1950 795 1993 nolunt:
827 1959 1030 2007 tanquam
1060 1950 1144 1991 hoc
1173 1949 1335 1992 bellum
1359 1949 1523 2007 justum

140 2015 197 2061 -fit
213 2025 378 2061 natura.
419 2018 518 2060 Una
533 2016 668 2075 igitur
685 2018 843 2075 species
862 2018 961 2060 artis
981 2016 1034 2060 ad
1051 2016 1328 2074 quaerendum
1346 2032 1519 2074 compa·
1544 2026 1562 2064 1
1578 2026 1604 2074 7

144 2092 263 2137 ram,
283 2099 379 2143 quoe
398 2093 558 2128 naturae
587 2095 815 2143 congruat,
834 2085 1008 2128 rationis
1036 2085 1207 2128 tuendae
1227 2083 1286 2127 rei
1306 2085 1524 2129 familiaris

138 2166 241 2210 pars
259 2153 340 2195 est:
373 2152 443 2198 cui
462 2153 635 2210 quidem
657 2162 732 2196 aut
750 2154 968 2210 suppetere
988 2161 1155 2210 oportet
1173 2168 1240 2195 res
1261 2153 1522 2207 neceffarias,

138 2228 222 2264 aut
248 2219 377 2277 ipsam
403 2220 682 2278 suppeditare,
704 2230 752 2264 ut
771 2236 834 2264 eae
856 2222 1048 2279 pecuniae
1067 2221 1291 2279 suppetant
1309 2236 1358 2263 ac
1376 2223 1524 2278 praesto

137 2287 241 2340 ἔίὶιιῑ,
261 2302 358 2345 quae
375 2288 551 2331 recondi
579 2303 629 2331 ae
657 2289 804 2346 reponi
824 2289 970 2341 solent,
992 2297 1196 2346 tanquam
1217 2289 1271 2332 ad
1292 2290 1422 2333 vitam
1442 2290 1522 2333 de-

136 2355 332 2415 gendam
354 2356 602 2410 noeeffariae,
623 2366 668 2400 et
686 2357 740 2400 ad
760 2349 1108 2403 communionem
1139 2358 1322 2400 civitatis
1348 2367 1426 2402 aut·
1442 2360 1522 2402 do-

136 2437 245 2467 .mu8
275 2422 429 2467 utiles.·
475 2424 532 2467 Et
561 2439 662 2468 vero
686 2441 741 2470 *ex
769 2425 836 2468 his
866 2441 976 2468 verae
1005 2425 1165 2469 divitiae
1191 2426 1387 2470 videntur
1415 2442 1522 2470 con-

143 2492 263 2535 stare.
321 2492 439 2535 Talis
468 2493 583 2536 enim
617 2509 757 2538 rerum
788 2503 1001 2552 partarum
1033 2504 1077 2537 et.
1103 2495 1370 2552 quaesitarum
1401 2497 1524 2553 copia

136 2559 271 2605 bonis
303 2561 507 2609 omnibus
527 2563 776 2615 ‘cumulata,
809 2562 1004 2620 nihilque
1035 2571 1240 2619 praeterea
1267 2563 1520 2616 desiderans,

135 2627 199 2671 ad
218 2629 328 2672 bene
345 2628 573 2674 vivendum
591 2645 678 2673 non
699 2631 755 2673 est
774 2631 954 2683 infinita,
975 2631 1339 2688 quemadmodum
1360 2631 1421 2674 ait
1439 2633 1520 2674 So-

140 2694 216 2740 lon
230 2695 322 2739 'hoc
341 2697 460 2741 versu
475 2713 488 2740 ε

171 2793 187 2804 .,
253 2762 383 2821 Nulla
402 2766 660 2824 bominiflnis
679 2775 784 2810 certa
798 2767 923 2809 haeret
943 2767 1197 2810 divitiarum.

115 2831 291 2883 'flaret
315 2832 431 2877 enim
467 2833 628 2891 diyitiis
657 2843 796 2879 certus
825 2834 982 2892 aliquis
1013 2834 1124 2889 finis,
1156 2835 1518 2893 quemadmodum

825 2916 852 2946 c
874 2916 898 2945 c
918 2917 948 2957 4
