1898 3308
14 91 35 132 -ε

347 171 444 217 DE
486 169 687 216 CURA
726 169 852 215 REI
892 172 1061 217 FAM.
1099 174 1161 219 11.
1193 188 1235 221 2.
1405 176 1487 234 691

145 286 388 362 {Ritpnysius¹
417 293 660 356 Syracusius
694 293 916 340 cumulare
948 296 1151 353 pecunias
1183 298 1346 351 volens,
1381 314 1488 343 con·

102 364 226 421 cipue
244 364 451 415 advocata
470 363 604 408 dixit:
636 363 781 408 Visam
811 363 886 407 fibi
908 364 1108 408 Cererem
1140 366 1220 409 effe
1241 367 1486 425 jubentem,
1503 377 1610 432 359

102 432 313 480 mundum
335 428 590 479 muliebrem
619 432 663 475 in
692 431 814 476 suum
841 431 992 476 fanum
1013 431 1185 476 deferri.
1244 435 1311 476 Ac
1332 434 1371 477 se
1389 435 1488 493 qui-

101 500 202 544 dem
219 500 313 549 hoc
333 498 388 545 de
409 501 576 545 suarum
607 500 840 544 mulierum
870 499 1035 544 mundo
1062 498 1220 544 fecisse.
1283 502 1494 548 Postulare

100 567 238 633 igitur
265 577 327 617 ut¹
346 565 460 612 idem
484 568 602 612 fieret
629 569 684 612 ab
714 568 809 612 aliis
829 583 1018 627 quoque,
1039 584 1094 612 ne
1113 569 1210 612 Dea
1227 568 1491 615 irasceretur.

101 636 194 680 Qui
223 651 310 680 non
344 635 520 692 fecisset,
540 652 641 680 eum
672 636 882 695 sacrilegii
910 651 1032 680 reum
1063 636 1155 680 fore
1186 637 1492 695 pronuntiavit.

100 703 303 767 Cumque
332 719 498 759 omnes,
530 719 628 764 quae
662 703 892 756 habebant,
925 704 1174 759 attulissent,
1193 714 1250 748 et
1282 706 1391 748 Deae
1422 721 1491 749 re-

99 771 243 830 spectu
272 780 318 817 et
350 772 492 831 ipsius,
521 786 568 815 re
596 770 739 819 divina
767 766 893 825 fafita,
917 771 1090 815 abstulit
1118 772 1326 816 mundum
1349 772 1493 829 illum,

98 848 308 900 tanquam
327 840 651 886 commodatum
681 840 736 883 ab
764 838 851 897 ipsa
880 840 989 884 Dea.
1051 841 1141 884 Ubi
1168 856 1267 885 vero
1287 843 1494 901 temporis

97 906 263 969 aliquid
293 910 574 970 praeteriisset,
610 920 655 954 et
689 910 888 954 mulieres
920 910 1078 954 iterum
1111 920 1285 956 ornatus
1318 911 1493 967 ferrent,

97 971 260 1022 ed'ixit=
295 979 359 1023 Ut
387 995 485 1038 quae
515 993 665 1023 aurum
687 979 850 1038 gestare
869 976 1014 1032 vellet,
1037 995 1089 1023 ea
1109 979 1153 1023 in
1174 980 1354 1039 templo,
1374 981 1494 1039 quod

97 1045 207 1106 tanti
237 1045 352 1103 effet,
372 1046 605 1092 dedicaret.
663 1046 970 1091 AEdificaturus
997 1047 1208 1103 triremes,
1228 1048 1385 1092 sciebat
1414 1064 1492 1107 pe-

97 1112 228 1159 cunia
257 1115 332 1160 sibi
363 1128 470 1175 opus
503 1115 611 1160 fore.
688 1115 911 1159 Concione
946 1116 1080 1175 igitur
1107 1117 1334 1175 advocata,
1367 1118 1493 1176 prodi

97 1182 314 1242 quandam
343 1185 494 1229 urbem
526 1180 651 1238 dixit,
686 1191 732 1228 et
761 1183 816 1227 ad
844 1199 940 1228 eam
966 1200 1059 1228 rem
1086 1185 1160 1228 fibi
1183 1185 1364 1244 pecunia
1382 1201 1492 1246 opus

97 1249 194 1296 effe.
269 1252 582 1311 Postulavitque
621 1261 672 1296 ut
710 1250 863 1312 singuli
901 1252 1016 1296 cives
1053 1253 1300 1298 conferrent
1339 1270 1493 1300 aureos

95 1319 222 1364 duos.
278 1322 408 1364 Hanc
442 1319 672 1380 pecuniam
705 1316 769 1363 illi
809 1320 1101 1372 contulerunt,
1162 1322 1313 1380 Spatio
1345 1332 1504 1376 autem,

95 1379 341 1447 interposito
359 1387 527 1433 dierum
547 1387 682 1433 duam
703 1386 904 1442 triumve,
923 1389 1037 1446 quasi
1058 1388 1249 1434 frustrata
1267 1406 1334 1434 res
1353 1391 1492 1451 ipsum

93 1456 211 1512 esset,
228 1455 483 1502 collaudatis
504 1455 689 1509 civibus,
709 1455 754 1500 id
773 1457 955 1500 restituit
977 1456 1214 1516 unicuique
1233 1459 1352 1517 quod
1383 1475 1491 1504 con-

93 1524 268 1579 tulerat.
327 1524 432 1569 Quo
457 1524 572 1568 faao
600 1523 843 1568 voluntates
872 1524 1046 1569 illorum
1078 1526 1153 1570 fibi
1181 1528 1490 1573 reconciliavit.

95 1592 240 1636 Postea
269 1589 392 1635 fimili
423 1591 509 1650 spe,
529 1591 571 1635 se
600 1591 682 1634 effe
711 1600 972 1651 recepturos,
1001 1592 1165 1636 rursum
1194 1595 1489 1649 contulerunt.

93 1659 326 1719 Dionysius
355 1659 516 1712 autem,
546 1659 666 1718 quod
694 1668 800 1703 tunc
832 1670 1067 1719 acceperat,
1091 1662 1268 1706 retinuit
1289 1663 1342 1706 ad
1363 1664 1489 1708 trire-

95 1727 236 1772 mium
283 1723 630 1771 aedificationem.
707 1727 822 1771 Cum
873 1743 961 1772 non
1009 1731 1246 1774 abundaret
1292 1740 1490 1791 argento,

94 1810 325 1839 nummum
357 1792 555 1852 percuffit
585 1810 638 1838 ex
667 1794 827 1850 stanno,
850 1796 1137 1856 advocataque
1166 1798 1390 1853 concione,
1410 1814 1488 1844 co-

93 1866 211 1926 piosa
245 1865 440 1910 oratione
477 1881 705 1914 nummum
745 1881 845 1910 eum
883 1868 1219 1912 commendavit.
1279 1870 1489 1928 Syracufii

94 1950 212 1990 vero,
242 1933 437 1994 quamvis
465 1934 608 1988 inviti,
645 1934 770 1978 illum
806 1935 911 1979 scito
945 1936 1020 1980 suo
1052 1938 1410 1995 approbaverunt,
1444 1948 1490 1984 et

93 2002 382 2063 unusquisque
407 2002 601 2063 praetulit
626 2003 668 2046 se
699 2002 858 2047 habere
885 2013 1128 2063 argentum,
1160 2021 1246 2049 non
1275 2007 1487 2052 stannum.

92 2071 309 2117 Rursum
297 2086 343 2115 m
360 2070 555 2131 pecuniae
573 2070 718 2129 inopia
735 2072 960 2129 postulavit
978 2088 1004 2116 a
1024 2073 1209 2126 civibus,
1225 2083 1275 2118 ut
1290 2075 1365 2118 fibi
1383 2090 1488 2119 con-

90 2141 345 2195 tribuerent.
406 2141 581 2186 Quibus
601 2141 862 2200 negantibus
889 2143 932 2186 se
960 2143 1136 2198 habere,
1157 2145 1340 2203 protulit
1357 2154 1485 2190 uten-

90 2202 182 2256 filia
198 2211 287 2264 sua,
309 2218 354 2253 et
374 2208 557 2263 venalia,
577 2209 688 2268 quafi
711 2225 785 2268 per
802 2210 992 2269 inopiam
1021 2213 1106 2255 hoc
1131 2212 1304 2267 faceret,
1326 2229 1483 2273 propo-
1501 2217 1607 2271 360

89 2279 189 2323 suit.
252 2279 361 2322 Haec
389 2292 490 2321 cum
522 2278 732 2336 Syracufii
751 2287 960 2334 emerent,
982 2280 1087 2339 quid
1107 2282 1287 2339 quisque
1305 2283 1485 2338 emisset,

90 2346 442 2406 perscribebatur.
502 2345 718 2389 Persoluto
756 2356 902 2391 autem
941 2347 1096 2407 pretio,
1136 2349 1293 2393 referre
1341 2351 1396 2394 ad
1442 2353 1486 2397 se

90 2413 271 2477 utensile
289 2407 434 2473 justit,
469 2413 586 2472 quod
625 2413 803 2469 emisset,
843 2430 1213 2475 unumquemque.
1277 2418 1487 2477 Syracufii

57 2485 60 2490 '
91 2490 262 2542 propter
280 2482 428 2525 crebra
457 2481 620 2524 tributa
649 2481 856 2527 desierant
884 2484 1070 2542 pecudes
1094 2485 1222 2529 alere.
1283 2488 1350 2531 Ibi
1370 2488 1485 2532 Dio-

91 2550 235 2610 nyfius
263 2550 361 2594 satis
380 2549 456 2593 fibi
477 2549 683 2612 collatum
705 2550 784 2594 effe
807 2551 1030 2596 affirmavit
1060 2553 1114 2597 ad
1143 2562 1312 2598 tantum
1342 2557 1484 2611 usum,

92 2621 255 2686 quique
273 2620 445 2680 posthac
465 2620 668 2682 parassent
686 2621 873 2679 pecudes
893 2636 967 2666 eos
986 2622 1078 2667 fore
1098 2623 1327 2668 immunes.
1367 2627 1485 2671 Cum

13 2698 16 2703 '
93 2681 222 2733 muiti
251 2698 395 2733 autem
429 2688 587 2733 multas
619 2690 809 2747 pecudes
841 2691 1126 2736 immunitatis
1160 2695 1230 2752 spe
1262 2696 1484 2753 parassent,

93 2757 244 2819 na&us
276 2756 658 2822 opportunitatem,
696 2758 801 2816 quid
842 2759 1021 2819 quisque
1060 2761 1251 2816 haberet,
1291 2764 1484 2808 aestimari

85 2821 218 2884 juffit,
247 2833 294 2871 et
323 2825 523 2886 imposuit
551 2825 762 2871 tributum
786 2827 859 2871 seu
877 2828 1137 2887 pensionem.
1197 2830 1264 2875 Ibi
1283 2840 1377 2876 tum
1398 2833 1484 2891 Sy·-

724 2907 756 2938 r
776 2911 807 2954 y
827 2909 853 2942 2
