<?xml version="1.0" encoding="UTF-8"?>
<!DOCTYPE html PUBLIC "-//W3C//DTD XHTML 1.0 Transitional//EN"
    "http://www.w3.org/TR/xhtml1/DTD/xhtml1-transitional.dtd">
<html xmlns="http://www.w3.org/1999/xhtml" xml:lang="en" lang="en">
 <head>
  <title>
</title>
<meta http-equiv="Content-Type" content="text/html;charset=utf-8" />
  <meta name='ocr-system' content='tesseract 3.04.00' />
  <meta name='ocr-capabilities' content='ocr_page ocr_carea ocr_par ocr_line ocrx_word'/>
</head>
<body>
  <div class='ocr_page' id='page_1' title='image "./politicagreeklat02arisuoft_0409.png"; bbox 0 0 1898 3308; ppageno 0'>
   <div class='ocr_carea' id='block_1_1' title="bbox 0 0 338 440">
    <p class='ocr_par' dir='ltr' id='par_1_1' title="bbox 0 0 338 440">
     <span class='ocr_line' id='line_1_1' title="bbox 0 0 338 440; baseline 0 -209"><span class='ocrx_word' id='word_1_1' title='bbox 0 0 338 440; x_wconf 95' lang='lat' dir='ltr'><strong>   </strong></span> 
     </span>
    </p>
   </div>
   <div class='ocr_carea' id='block_1_2' title="bbox 397 203 1527 276">
    <p class='ocr_par' dir='ltr' id='par_1_2' title="bbox 397 203 1527 276">
     <span class='ocr_line' id='line_1_2' title="bbox 397 203 1527 276; baseline -0.007 -24"><span class='ocrx_word' id='word_1_2' title='bbox 397 207 494 252; x_wconf 84' lang='lat' dir='ltr'><strong>DE</strong></span> <span class='ocrx_word' id='word_1_3' title='bbox 531 203 961 250; x_wconf 70' lang='lat' dir='ltr'><strong>REPUBLICA</strong></span> <span class='ocrx_word' id='word_1_4' title='bbox 1004 204 1111 249; x_wconf 88' lang='lat' dir='ltr'>VII.</span> <span class='ocrx_word' id='word_1_5' title='bbox 1146 218 1216 262; x_wconf 86' lang='lat'><strong>13.</strong></span> <span class='ocrx_word' id='word_1_6' title='bbox 1419 203 1527 276; x_wconf 73' lang='lat'><strong>⁶333</strong></span> 
     </span>
    </p>
   </div>
   <div class='ocr_carea' id='block_1_3' title="bbox 0 319 1648 2940">
    <p class='ocr_par' dir='ltr' id='par_1_3' title="bbox 0 319 1648 2940">
     <span class='ocr_line' id='line_1_3' title="bbox 26 319 1506 391; baseline -0.006 -13"><span class='ocrx_word' id='word_1_7' title='bbox 26 375 39 381; x_wconf 91' lang='grc'>,</span> <span class='ocrx_word' id='word_1_8' title='bbox 110 319 462 391; x_wconf 45' lang='grc' dir='ltr'><strong>ῌῖἲωᾶιιε)</strong></span> <span class='ocrx_word' id='word_1_9' title='bbox 485 330 566 375; x_wconf 78' lang='lat' dir='ltr'><strong>effe</strong></span> <span class='ocrx_word' id='word_1_10' title='bbox 595 329 785 374; x_wconf 88' lang='lat' dir='ltr'><strong>muneris</strong></span> <span class='ocrx_word' id='word_1_11' title='bbox 813 327 1081 372; x_wconf 74' lang='lat' dir='ltr'><strong>funfflonem</strong></span> <span class='ocrx_word' id='word_1_12' title='bbox 1111 336 1156 370; x_wconf 86' lang='lat' dir='ltr'><strong>et</strong></span> <span class='ocrx_word' id='word_1_13' title='bbox 1187 322 1305 371; x_wconf 70' lang='lat' dir='ltr'><strong>u&#39;sum</strong></span> <span class='ocrx_word' id='word_1_14' title='bbox 1337 326 1506 370; x_wconf 77' lang='lat' dir='ltr'><strong>virtutis</strong></span> 
     </span>
     <span class='ocr_line' id='line_1_4' title="bbox 14 382 1507 461; baseline -0.005 -14"><span class='ocrx_word' id='word_1_15' title='bbox 14 396 23 409; x_wconf 74' lang='lat'><em>&#39;</em></span> <span class='ocrx_word' id='word_1_16' title='bbox 107 382 377 461; x_wconf 52' lang='lat' dir='ltr'><strong>manin:</strong></span> <span class='ocrx_word' id='word_1_17' title='bbox 407 415 597 459; x_wconf 82' lang='lat' dir='ltr'><strong>eumque</strong></span> <span class='ocrx_word' id='word_1_18' title='bbox 627 413 714 443; x_wconf 87' lang='lat' dir='ltr'><strong>non</strong></span> <span class='ocrx_word' id='word_1_19' title='bbox 743 413 797 442; x_wconf 82' lang='lat' dir='ltr'><strong>ex</strong></span> <span class='ocrx_word' id='word_1_20' title='bbox 826 397 1077 442; x_wconf 88' lang='lat' dir='ltr'><strong>conditione</strong></span> <span class='ocrx_word' id='word_1_21' title='bbox 1098 396 1169 439; x_wconf 91' lang='lat' dir='ltr'><strong>sed</strong></span> <span class='ocrx_word' id='word_1_22' title='bbox 1190 397 1434 454; x_wconf 67' lang='lat' dir='ltr'><strong>(impliciter</strong></span> <span class='ocrx_word' id='word_1_23' title='bbox 1461 405 1507 440; x_wconf 84' lang='lat' dir='ltr'><strong>et</strong></span> 
     </span>
     <span class='ocr_line' id='line_1_5' title="bbox 27 461 1506 528; baseline -0.005 -12"><span class='ocrx_word' id='word_1_24' title='bbox 27 467 32 481; x_wconf 75' lang='lat'>¹</span> <span class='ocrx_word' id='word_1_25' title='bbox 108 461 346 516; x_wconf 43' lang='lat' dir='ltr'><strong>&amp;solutes</strong></span> <span class='ocrx_word' id='word_1_26' title='bbox 380 471 445 513; x_wconf 74' lang='lat' dir='ltr'><strong>Ea</strong></span> <span class='ocrx_word' id='word_1_27' title='bbox 477 480 602 528; x_wconf 80' lang='lat' dir='ltr'><strong>porro</strong></span> <span class='ocrx_word' id='word_1_28' title='bbox 635 483 690 512; x_wconf 84' lang='lat' dir='ltr'><strong>ex</strong></span> <span class='ocrx_word' id='word_1_29' title='bbox 720 467 967 511; x_wconf 88' lang='lat' dir='ltr'><strong>conditione</strong></span> <span class='ocrx_word' id='word_1_30' title='bbox 994 466 1111 518; x_wconf 86' lang='lat' dir='ltr'><strong>dico,</strong></span> <span class='ocrx_word' id='word_1_31' title='bbox 1146 481 1244 523; x_wconf 88' lang='lat' dir='ltr'><strong>quae</strong></span> <span class='ocrx_word' id='word_1_32' title='bbox 1279 466 1506 509; x_wconf 68' lang='lat' dir='ltr'><strong>necessario</strong></span> 
     </span>
     <span class='ocr_line' id='line_1_6' title="bbox 112 533 1508 597; baseline -0.005 -13"><span class='ocrx_word' id='word_1_33' title='bbox 112 538 250 583; x_wconf 47' lang='lat' dir='ltr'><strong>Rusti</strong></span> <span class='ocrx_word' id='word_1_34' title='bbox 269 538 539 597; x_wconf 80' lang='lat' dir='ltr'><strong>&#39;fimpliciter,</strong></span> <span class='ocrx_word' id='word_1_35' title='bbox 566 553 664 596; x_wconf 85' lang='lat' dir='ltr'><strong>quae</strong></span> <span class='ocrx_word' id='word_1_36' title='bbox 694 536 897 587; x_wconf 83' lang='lat' dir='ltr'><strong>honeste:</strong></span> <span class='ocrx_word' id='word_1_37' title='bbox 929 533 1116 592; x_wconf 87' lang='lat' dir='ltr'><strong>exempli</strong></span> <span class='ocrx_word' id='word_1_38' title='bbox 1146 534 1286 586; x_wconf 88' lang='lat' dir='ltr'><strong>causa,</strong></span> <span class='ocrx_word' id='word_1_39' title='bbox 1317 533 1360 576; x_wconf 87' lang='lat' dir='ltr'><strong>in</strong></span> <span class='ocrx_word' id='word_1_40' title='bbox 1383 534 1508 592; x_wconf 78' lang='lat' dir='ltr'><strong>justis</strong></span> 
     </span>
     <span class='ocr_line' id='line_1_7' title="bbox 113 602 1508 665; baseline -0.004 -13"><span class='ocrx_word' id='word_1_41' title='bbox 113 607 353 652; x_wconf 70' lang='lat' dir='ltr'><strong>afflonibus</strong></span> <span class='ocrx_word' id='word_1_42' title='bbox 388 621 528 665; x_wconf 86' lang='lat' dir='ltr'><strong>poenae</strong></span> <span class='ocrx_word' id='word_1_43' title='bbox 564 618 609 650; x_wconf 93' lang='lat' dir='ltr'><strong>et</strong></span> <span class='ocrx_word' id='word_1_44' title='bbox 643 606 939 664; x_wconf 81' lang='lat' dir='ltr'><strong>castigationes</strong></span> <span class='ocrx_word' id='word_1_45' title='bbox 971 619 996 647; x_wconf 85' lang='lat' dir='ltr'>a</span> <span class='ocrx_word' id='word_1_46' title='bbox 1029 602 1185 646; x_wconf 88' lang='lat' dir='ltr'><strong>virtute</strong></span> <span class='ocrx_word' id='word_1_47' title='bbox 1218 602 1303 645; x_wconf 84' lang='lat' dir='ltr'><strong>illae</strong></span> <span class='ocrx_word' id='word_1_48' title='bbox 1331 603 1508 660; x_wconf 88' lang='lat' dir='ltr'><strong>quidem</strong></span> 
     </span>
     <span class='ocr_line' id='line_1_8' title="bbox 20 671 1507 738; baseline -0.006 -16"><span class='ocrx_word' id='word_1_49' title='bbox 20 679 44 738; x_wconf 80' lang='grc' dir='ltr'><strong> .</strong></span> <span class='ocrx_word' id='word_1_50' title='bbox 112 676 451 737; x_wconf 75' lang='lat' dir='ltr'><strong>proficiscuntur,</strong></span> <span class='ocrx_word' id='word_1_51' title='bbox 471 677 544 720; x_wconf 87' lang='lat' dir='ltr'><strong>sed</strong></span> <span class='ocrx_word' id='word_1_52' title='bbox 574 675 808 719; x_wconf 82' lang='lat' dir='ltr'><strong>neceffariae</strong></span> <span class='ocrx_word' id='word_1_53' title='bbox 828 675 951 717; x_wconf 86' lang='lat' dir='ltr'><strong>sunt:</strong></span> <span class='ocrx_word' id='word_1_54' title='bbox 982 681 1027 716; x_wconf 87' lang='lat' dir='ltr'><strong>et</strong></span> <span class='ocrx_word' id='word_1_55' title='bbox 1051 671 1167 730; x_wconf 88' lang='lat' dir='ltr'><strong>quod</strong></span> <span class='ocrx_word' id='word_1_56' title='bbox 1189 671 1361 714; x_wconf 85' lang='lat' dir='ltr'><strong>honeste</strong></span> <span class='ocrx_word' id='word_1_57' title='bbox 1383 671 1507 724; x_wconf 84' lang='lat' dir='ltr'><strong>fiunt,</strong></span> 
     </span>
     <span class='ocr_line' id='line_1_9' title="bbox 113 739 1509 800; baseline -0.004 -10"><span class='ocrx_word' id='word_1_58' title='bbox 113 739 161 790; x_wconf 73' lang='lat' dir='ltr'><strong>ld</strong></span> <span class='ocrx_word' id='word_1_59' title='bbox 195 745 357 790; x_wconf 75' lang='lat' dir='ltr'><strong>habent</strong></span> <span class='ocrx_word' id='word_1_60' title='bbox 392 745 647 789; x_wconf 80' lang='lat' dir='ltr'><strong>neceffario:</strong></span> <span class='ocrx_word' id='word_1_61' title='bbox 691 746 748 787; x_wconf 85' lang='lat' dir='ltr'><strong>est</strong></span> <span class='ocrx_word' id='word_1_62' title='bbox 785 744 901 786; x_wconf 85' lang='lat' dir='ltr'><strong>enim</strong></span> <span class='ocrx_word' id='word_1_63' title='bbox 937 742 1168 800; x_wconf 85' lang='lat' dir='ltr'>optabilius</span> <span class='ocrx_word' id='word_1_64' title='bbox 1202 740 1318 784; x_wconf 81' lang='lat' dir='ltr'><strong>nulla</strong></span> <span class='ocrx_word' id='word_1_65' title='bbox 1353 756 1398 783; x_wconf 88' lang='lat' dir='ltr'><strong>re</strong></span> <span class='ocrx_word' id='word_1_66' title='bbox 1433 741 1509 785; x_wconf 84' lang='lat' dir='ltr'><strong>tali</strong></span> 
     </span>
     <span class='ocr_line' id='line_1_10' title="bbox 115 810 1507 873; baseline -0.004 -15"><span class='ocrx_word' id='word_1_67' title='bbox 115 819 230 873; x_wconf 67' lang='lat' dir='ltr'><strong>‘opus</strong></span> <span class='ocrx_word' id='word_1_68' title='bbox 243 814 325 858; x_wconf 84' lang='lat' dir='ltr'><strong>effe</strong></span> <span class='ocrx_word' id='word_1_69' title='bbox 345 830 485 873; x_wconf 87' lang='lat' dir='ltr'><strong>neque</strong></span> <span class='ocrx_word' id='word_1_70' title='bbox 503 813 671 857; x_wconf 87' lang='lat' dir='ltr'><strong>homini</strong></span> <span class='ocrx_word' id='word_1_71' title='bbox 701 827 843 871; x_wconf 85' lang='lat' dir='ltr'><strong>neque</strong></span> <span class='ocrx_word' id='word_1_72' title='bbox 872 811 1049 854; x_wconf 88' lang='lat' dir='ltr'><strong>civitati.</strong></span> <span class='ocrx_word' id='word_1_73' title='bbox 1110 811 1222 854; x_wconf 79' lang='lat' dir='ltr'><strong>Quae</strong></span> <span class='ocrx_word' id='word_1_74' title='bbox 1242 824 1341 852; x_wconf 90' lang='lat' dir='ltr'><strong>vero</strong></span> <span class='ocrx_word' id='word_1_75' title='bbox 1362 810 1404 852; x_wconf 85' lang='lat' dir='ltr'><strong>in</strong></span> <span class='ocrx_word' id='word_1_76' title='bbox 1427 810 1507 853; x_wconf 92' lang='lat' dir='ltr'><strong>ho-</strong></span> 
     </span>
     <span class='ocr_line' id='line_1_11' title="bbox 114 880 1627 942; baseline -0.002 -14"><span class='ocrx_word' id='word_1_77' title='bbox 114 883 292 928; x_wconf 69' lang='lat' dir='ltr'><strong>noribus</strong></span> <span class='ocrx_word' id='word_1_78' title='bbox 312 891 356 927; x_wconf 87' lang='lat' dir='ltr'><strong>et</strong></span> <span class='ocrx_word' id='word_1_79' title='bbox 375 883 509 942; x_wconf 74' lang='lat' dir='ltr'><strong>copiis</strong></span> <span class='ocrx_word' id='word_1_80' title='bbox 529 883 739 926; x_wconf 88' lang='lat' dir='ltr'><strong>bonorum</strong></span> <span class='ocrx_word' id='word_1_81' title='bbox 762 892 1034 925; x_wconf 85' lang='lat' dir='ltr'><strong>externorum</strong></span> <span class='ocrx_word' id='word_1_82' title='bbox 1066 880 1281 923; x_wconf 86' lang='lat' dir='ltr'>versantur</span> <span class='ocrx_word' id='word_1_83' title='bbox 1299 880 1507 933; x_wconf 70' lang='lat' dir='ltr'><strong>afflones,</strong></span> <span class='ocrx_word' id='word_1_84' title='bbox 1522 881 1627 934; x_wconf 89' lang='grc'><strong>287</strong></span> 
     </span>
     <span class='ocr_line' id='line_1_12' title="bbox 114 950 1511 1011; baseline -0.002 -15"><span class='ocrx_word' id='word_1_85' title='bbox 114 964 180 996; x_wconf 70' lang='lat' dir='ltr'><strong>eae</strong></span> <span class='ocrx_word' id='word_1_86' title='bbox 200 951 445 1011; x_wconf 66' lang='lat' dir='ltr'><strong>simpliciter</strong></span> <span class='ocrx_word' id='word_1_87' title='bbox 461 951 556 996; x_wconf 84' lang='lat' dir='ltr'><strong>sunt</strong></span> <span class='ocrx_word' id='word_1_88' title='bbox 577 952 877 1010; x_wconf 68' lang='lat' dir='ltr'><strong>pulcherrimae</strong></span> <span class='ocrx_word' id='word_1_89' title='bbox 897 960 1027 1009; x_wconf 85' lang='lat' dir='ltr'><strong>atque</strong></span> <span class='ocrx_word' id='word_1_90' title='bbox 1048 951 1355 994; x_wconf 84' lang='lat' dir='ltr'><strong>honestiffimae.</strong></span> <span class='ocrx_word' id='word_1_91' title='bbox 1397 950 1511 993; x_wconf 86' lang='lat' dir='ltr'><strong>Illud</strong></span> 
     </span>
     <span class='ocr_line' id='line_1_13' title="bbox 117 1020 1510 1079; baseline -0.002 -14"><span class='ocrx_word' id='word_1_92' title='bbox 117 1021 464 1075; x_wconf 65' lang='lat' dir='ltr'><strong>euim-alterum,</strong></span> <span class='ocrx_word' id='word_1_93' title='bbox 489 1021 695 1079; x_wconf 88' lang='lat' dir='ltr'><strong>supplicia</strong></span> <span class='ocrx_word' id='word_1_94' title='bbox 723 1020 837 1073; x_wconf 82' lang='lat' dir='ltr'><strong>dico,</strong></span> <span class='ocrx_word' id='word_1_95' title='bbox 867 1030 911 1063; x_wconf 90' lang='lat' dir='ltr'><strong>et</strong></span> <span class='ocrx_word' id='word_1_96' title='bbox 939 1020 1318 1063; x_wconf 71' lang='lat' dir='ltr'><strong>animadversiones</strong></span> <span class='ocrx_word' id='word_1_97' title='bbox 1347 1020 1390 1062; x_wconf 91' lang='lat' dir='ltr'><strong>in</strong></span> <span class='ocrx_word' id='word_1_98' title='bbox 1426 1020 1510 1062; x_wconf 88' lang='lat' dir='ltr'><strong>im-</strong></span> 
     </span>
     <span class='ocr_line' id='line_1_14' title="bbox 115 1088 1510 1151; baseline -0.002 -17"><span class='ocrx_word' id='word_1_99' title='bbox 115 1091 294 1151; x_wconf 67' lang='lat' dir='ltr'><strong>probos,</strong></span> <span class='ocrx_word' id='word_1_100' title='bbox 313 1089 653 1149; x_wconf 85' lang='lat' dir='ltr'><strong>mali·cujusdam</strong></span> <span class='ocrx_word' id='word_1_101' title='bbox 686 1089 840 1132; x_wconf 64' lang='lat' dir='ltr'><strong>eleetio</strong></span> <span class='ocrx_word' id='word_1_102' title='bbox 870 1089 944 1142; x_wconf 82' lang='lat' dir='ltr'><strong>est,</strong></span> <span class='ocrx_word' id='word_1_103' title='bbox 971 1099 1022 1132; x_wconf 88' lang='lat' dir='ltr'><strong>ut</strong></span> <span class='ocrx_word' id='word_1_104' title='bbox 1051 1088 1169 1132; x_wconf 87' lang='lat' dir='ltr'><strong>aliud</strong></span> <span class='ocrx_word' id='word_1_105' title='bbox 1197 1089 1355 1132; x_wconf 85' lang='lat' dir='ltr'><strong>malum</strong></span> <span class='ocrx_word' id='word_1_106' title='bbox 1381 1089 1510 1132; x_wconf 86' lang='lat' dir='ltr'><strong>tolla-</strong></span> 
     </span>
     <span class='ocr_line' id='line_1_15' title="bbox 117 1157 1515 1211; baseline -0.001 -8"><span class='ocrx_word' id='word_1_107' title='bbox 117 1167 217 1203; x_wconf 64' lang='grc' dir='ltr'><strong>ωτι</strong></span> <span class='ocrx_word' id='word_1_108' title='bbox 259 1159 366 1202; x_wconf 76' lang='lat' dir='ltr'><strong>tales</strong></span> <span class='ocrx_word' id='word_1_109' title='bbox 405 1174 506 1202; x_wconf 86' lang='lat' dir='ltr'><strong>vero</strong></span> <span class='ocrx_word' id='word_1_110' title='bbox 545 1158 751 1211; x_wconf 70' lang='lat' dir='ltr'><strong>afflones,</strong></span> <span class='ocrx_word' id='word_1_111' title='bbox 790 1167 969 1201; x_wconf 86' lang='lat' dir='ltr'><strong>contra:</strong></span> <span class='ocrx_word' id='word_1_112' title='bbox 1007 1159 1218 1201; x_wconf 90' lang='lat' dir='ltr'><strong>bonorum</strong></span> <span class='ocrx_word' id='word_1_113' title='bbox 1258 1158 1373 1201; x_wconf 88' lang='lat' dir='ltr'><strong>enim</strong></span> <span class='ocrx_word' id='word_1_114' title='bbox 1417 1157 1515 1202; x_wconf 85' lang='lat' dir='ltr'><strong>sunt</strong></span> 
     </span>
     <span class='ocr_line' id='line_1_16' title="bbox 118 1226 1515 1287; baseline -0.001 -15"><span class='ocrx_word' id='word_1_115' title='bbox 118 1227 232 1287; x_wconf 77' lang='lat' dir='ltr'><strong>quafi</strong></span> <span class='ocrx_word' id='word_1_116' title='bbox 252 1228 488 1281; x_wconf 61' lang='lat' dir='ltr'><strong>strmsturae,</strong></span> <span class='ocrx_word' id='word_1_117' title='bbox 506 1228 578 1271; x_wconf 90' lang='lat' dir='ltr'><strong>seu</strong></span> <span class='ocrx_word' id='word_1_118' title='bbox 598 1226 953 1279; x_wconf 79' lang='lat' dir='ltr'><strong>machinationes,</strong></span> <span class='ocrx_word' id='word_1_119' title='bbox 971 1235 1015 1269; x_wconf 88' lang='lat' dir='ltr'><strong>et</strong></span> <span class='ocrx_word' id='word_1_120' title='bbox 1031 1227 1358 1284; x_wconf 82' lang='lat' dir='ltr'><strong>procreationes.</strong></span> <span class='ocrx_word' id='word_1_121' title='bbox 1390 1228 1515 1271; x_wconf 84' lang='lat' dir='ltr'><strong>Poffit</strong></span> 
     </span>
     <span class='ocr_line' id='line_1_17' title="bbox 119 1296 1515 1354; baseline 0 -13"><span class='ocrx_word' id='word_1_122' title='bbox 119 1305 264 1342; x_wconf 80' lang='lat' dir='ltr'><strong>autem</strong></span> <span class='ocrx_word' id='word_1_123' title='bbox 285 1297 348 1340; x_wconf 83' lang='lat' dir='ltr'><strong>vir</strong></span> <span class='ocrx_word' id='word_1_124' title='bbox 369 1298 509 1340; x_wconf 81' lang='lat' dir='ltr'><strong>bonus</strong></span> <span class='ocrx_word' id='word_1_125' title='bbox 538 1296 731 1354; x_wconf 86' lang='lat' dir='ltr'><strong>quidem,</strong></span> <span class='ocrx_word' id='word_1_126' title='bbox 753 1304 796 1339; x_wconf 87' lang='lat' dir='ltr'><strong>et</strong></span> <span class='ocrx_word' id='word_1_127' title='bbox 816 1305 1080 1354; x_wconf 86' lang='lat' dir='ltr'><strong>paupertate,</strong></span> <span class='ocrx_word' id='word_1_128' title='bbox 1100 1305 1145 1339; x_wconf 90' lang='lat' dir='ltr'><strong>et</strong></span> <span class='ocrx_word' id='word_1_129' title='bbox 1166 1297 1334 1348; x_wconf 89' lang='lat' dir='ltr'><strong>morbo,</strong></span> <span class='ocrx_word' id='word_1_130' title='bbox 1356 1305 1400 1339; x_wconf 93' lang='lat' dir='ltr'><strong>et</strong></span> <span class='ocrx_word' id='word_1_131' title='bbox 1420 1297 1515 1341; x_wconf 82' lang='lat' dir='ltr'><strong>aliis</strong></span> 
     </span>
     <span class='ocr_line' id='line_1_18' title="bbox 118 1364 1513 1422; baseline -0.001 -12"><span class='ocrx_word' id='word_1_132' title='bbox 118 1365 303 1410; x_wconf 67' lang='lat' dir='ltr'><strong>ibrtunae</strong></span> <span class='ocrx_word' id='word_1_133' title='bbox 322 1365 484 1409; x_wconf 82' lang='lat' dir='ltr'><strong>oafibus</strong></span> <span class='ocrx_word' id='word_1_134' title='bbox 503 1365 680 1408; x_wconf 81' lang='lat' dir='ltr'><strong>adverfis</strong></span> <span class='ocrx_word' id='word_1_135' title='bbox 701 1364 878 1422; x_wconf 80' lang='lat' dir='ltr'><strong>pulchre</strong></span> <span class='ocrx_word' id='word_1_136' title='bbox 897 1374 940 1406; x_wconf 87' lang='lat' dir='ltr'><strong>et</strong></span> <span class='ocrx_word' id='word_1_137' title='bbox 956 1365 1070 1407; x_wconf 68' lang='lat' dir='ltr'><strong>recte</strong></span> <span class='ocrx_word' id='word_1_138' title='bbox 1091 1364 1156 1407; x_wconf 90' lang='lat' dir='ltr'><strong>uti</strong></span> <span class='ocrx_word' id='word_1_139' title='bbox 1173 1381 1184 1407; x_wconf 78' lang='lat' dir='ltr'><strong>t</strong></span> <span class='ocrx_word' id='word_1_140' title='bbox 1217 1373 1513 1408; x_wconf 84' lang='lat' dir='ltr'><strong>verumtamen</strong></span> 
     </span>
     <span class='ocr_line' id='line_1_19' title="bbox 120 1426 1516 1491; baseline -0.001 -12"><span class='ocrx_word' id='word_1_141' title='bbox 120 1433 166 1478; x_wconf 75' lang='lat' dir='ltr'><strong>in</strong></span> <span class='ocrx_word' id='word_1_142' title='bbox 186 1426 409 1478; x_wconf 84' lang='lat' dir='ltr'><strong>contrariis</strong></span> <span class='ocrx_word' id='word_1_143' title='bbox 439 1433 659 1478; x_wconf 81' lang='lat' dir='ltr'><strong>beatitudo</strong></span> <span class='ocrx_word' id='word_1_144' title='bbox 680 1434 811 1491; x_wconf 84' lang='lat' dir='ltr'><strong>pofita</strong></span> <span class='ocrx_word' id='word_1_145' title='bbox 839 1434 925 1476; x_wconf 86' lang='lat' dir='ltr'><strong>est:</strong></span> <span class='ocrx_word' id='word_1_146' title='bbox 958 1433 1041 1476; x_wconf 90' lang='lat' dir='ltr'><strong>hoc</strong></span> <span class='ocrx_word' id='word_1_147' title='bbox 1072 1433 1186 1476; x_wconf 91' lang='lat' dir='ltr'><strong>enim</strong></span> <span class='ocrx_word' id='word_1_148' title='bbox 1220 1433 1445 1477; x_wconf 86' lang='lat' dir='ltr'><strong>definitum</strong></span> <span class='ocrx_word' id='word_1_149' title='bbox 1465 1449 1516 1478; x_wconf 85' lang='lat' dir='ltr'><strong>ae</strong></span> 
     </span>
     <span class='ocr_line' id='line_1_20' title="bbox 121 1502 1514 1557; baseline -0.001 -9"><span class='ocrx_word' id='word_1_150' title='bbox 121 1503 311 1548; x_wconf 68' lang='lat' dir='ltr'><strong>decisum</strong></span> <span class='ocrx_word' id='word_1_151' title='bbox 332 1505 393 1547; x_wconf 82' lang='lat' dir='ltr'><strong>est</strong></span> <span class='ocrx_word' id='word_1_152' title='bbox 410 1503 455 1546; x_wconf 85' lang='lat' dir='ltr'><strong>in</strong></span> <span class='ocrx_word' id='word_1_153' title='bbox 475 1503 595 1546; x_wconf 84' lang='lat' dir='ltr'><strong>libris</strong></span> <span class='ocrx_word' id='word_1_154' title='bbox 616 1502 671 1546; x_wconf 89' lang='lat' dir='ltr'><strong>de</strong></span> <span class='ocrx_word' id='word_1_155' title='bbox 691 1502 906 1556; x_wconf 85' lang='lat' dir='ltr'><strong>Moribus,</strong></span> <span class='ocrx_word' id='word_1_156' title='bbox 922 1502 1061 1545; x_wconf 89' lang='lat' dir='ltr'><strong>virum</strong></span> <span class='ocrx_word' id='word_1_157' title='bbox 1081 1503 1244 1546; x_wconf 90' lang='lat' dir='ltr'><strong>bonum</strong></span> <span class='ocrx_word' id='word_1_158' title='bbox 1267 1503 1347 1546; x_wconf 83' lang='lat' dir='ltr'><strong>effe</strong></span> <span class='ocrx_word' id='word_1_159' title='bbox 1367 1503 1514 1557; x_wconf 89' lang='lat' dir='ltr'><strong>talem,</strong></span> 
     </span>
     <span class='ocr_line' id='line_1_21' title="bbox 72 1571 1518 1632; baseline 0 -15"><span class='ocrx_word' id='word_1_160' title='bbox 72 1602 74 1604; x_wconf 90' lang='lat'><em>-</em></span> <span class='ocrx_word' id='word_1_161' title='bbox 122 1572 209 1626; x_wconf 79' lang='lat' dir='ltr'><strong>cui,</strong></span> <span class='ocrx_word' id='word_1_162' title='bbox 232 1587 336 1632; x_wconf 82' lang='lat' dir='ltr'><strong>qnae</strong></span> <span class='ocrx_word' id='word_1_163' title='bbox 366 1572 614 1630; x_wconf 82' lang='lat' dir='ltr'><strong>fitnpliciter</strong></span> <span class='ocrx_word' id='word_1_164' title='bbox 643 1573 756 1615; x_wconf 87' lang='lat' dir='ltr'><strong>bona</strong></span> <span class='ocrx_word' id='word_1_165' title='bbox 785 1571 896 1624; x_wconf 88' lang='lat' dir='ltr'><strong>sunt,</strong></span> <span class='ocrx_word' id='word_1_166' title='bbox 926 1573 1040 1614; x_wconf 84' lang='lat' dir='ltr'><strong>bona</strong></span> <span class='ocrx_word' id='word_1_167' title='bbox 1067 1571 1180 1615; x_wconf 87' lang='lat' dir='ltr'><strong>sunt.</strong></span> <span class='ocrx_word' id='word_1_168' title='bbox 1241 1573 1291 1615; x_wconf 87' lang='lat' dir='ltr'><strong>In</strong></span> <span class='ocrx_word' id='word_1_169' title='bbox 1314 1582 1518 1631; x_wconf 85' lang='lat' dir='ltr'><strong>promptu</strong></span> 
     </span>
     <span class='ocr_line' id='line_1_22' title="bbox 124 1635 1569 1694; baseline 0.001 -8"><span class='ocrx_word' id='word_1_170' title='bbox 124 1651 268 1686; x_wconf 78' lang='lat' dir='ltr'><strong>autem</strong></span> <span class='ocrx_word' id='word_1_171' title='bbox 289 1643 347 1687; x_wconf 84' lang='lat' dir='ltr'><strong>est</strong></span> <span class='ocrx_word' id='word_1_172' title='bbox 365 1643 514 1694; x_wconf 86' lang='lat' dir='ltr'><strong>etiam,</strong></span> <span class='ocrx_word' id='word_1_173' title='bbox 534 1642 615 1684; x_wconf 92' lang='lat' dir='ltr'><strong>hos</strong></span> <span class='ocrx_word' id='word_1_174' title='bbox 637 1641 736 1684; x_wconf 88' lang='lat' dir='ltr'><strong>usus</strong></span> <span class='ocrx_word' id='word_1_175' title='bbox 756 1640 980 1684; x_wconf 73' lang='lat' dir='ltr'><strong>necessario</strong></span> <span class='ocrx_word' id='word_1_176' title='bbox 1000 1642 1138 1684; x_wconf 88' lang='lat' dir='ltr'><strong>bonos</strong></span> <span class='ocrx_word' id='word_1_177' title='bbox 1158 1650 1201 1684; x_wconf 86' lang='lat' dir='ltr'><strong>et</strong></span> <span class='ocrx_word' id='word_1_178' title='bbox 1221 1641 1417 1685; x_wconf 86' lang='lat' dir='ltr'><strong>honestos</strong></span> <span class='ocrx_word' id='word_1_179' title='bbox 1437 1643 1518 1687; x_wconf 82' lang='lat' dir='ltr'><strong>effe</strong></span> <span class='ocrx_word' id='word_1_180' title='bbox 1567 1635 1569 1637; x_wconf 30' lang='lat'><strong><em>¹</em></strong></span> 
     </span>
     <span class='ocr_line' id='line_1_23' title="bbox 126 1710 1519 1768; baseline 0.001 -15"><span class='ocrx_word' id='word_1_181' title='bbox 126 1710 383 1768; x_wconf 69' lang='lat' dir='ltr'><strong>simpliciter.</strong></span> <span class='ocrx_word' id='word_1_182' title='bbox 445 1712 716 1768; x_wconf 76' lang='lat' dir='ltr'>Quapropter</span> <span class='ocrx_word' id='word_1_183' title='bbox 736 1711 850 1753; x_wconf 86' lang='lat' dir='ltr'><strong>bona</strong></span> <span class='ocrx_word' id='word_1_184' title='bbox 871 1720 1046 1753; x_wconf 87' lang='lat' dir='ltr'><strong>externa</strong></span> <span class='ocrx_word' id='word_1_185' title='bbox 1073 1710 1354 1753; x_wconf 86' lang='lat' dir='ltr'><strong>beatitudinis</strong></span> <span class='ocrx_word' id='word_1_186' title='bbox 1375 1713 1519 1755; x_wconf 84' lang='lat' dir='ltr'>causas</span> 
     </span>
     <span class='ocr_line' id='line_1_24' title="bbox 128 1769 1515 1838; baseline 0.001 -15"><span class='ocrx_word' id='word_1_187' title='bbox 128 1779 359 1823; x_wconf 83' lang='lat' dir='ltr'><strong>efficientes</strong></span> <span class='ocrx_word' id='word_1_188' title='bbox 391 1780 488 1833; x_wconf 83' lang='lat' dir='ltr'><strong>effe,</strong></span> <span class='ocrx_word' id='word_1_189' title='bbox 524 1780 763 1822; x_wconf 83' lang='lat' dir='ltr'><strong>existimant</strong></span> <span class='ocrx_word' id='word_1_190' title='bbox 799 1780 1024 1822; x_wconf 85' lang='lat' dir='ltr'><strong>homines:</strong></span> <span class='ocrx_word' id='word_1_191' title='bbox 1069 1789 1120 1823; x_wconf 89' lang='lat' dir='ltr'><strong>ut</strong></span> <span class='ocrx_word' id='word_1_192' title='bbox 1153 1780 1178 1822; x_wconf 87' lang='lat' dir='ltr'>fi</span> <span class='ocrx_word' id='word_1_193' title='bbox 1217 1781 1314 1838; x_wconf 89' lang='lat' dir='ltr'><strong>quis</strong></span> <span class='ocrx_word' id='word_1_194' title='bbox 1351 1769 1515 1824; x_wconf 77' lang='lat' dir='ltr'><strong>causam</strong></span> 
     </span>
     <span class='ocr_line' id='line_1_25' title="bbox 125 1847 1519 1906; baseline 0 -14"><span class='ocrx_word' id='word_1_195' title='bbox 125 1847 240 1892; x_wconf 86' lang='lat' dir='ltr'><strong>clare</strong></span> <span class='ocrx_word' id='word_1_196' title='bbox 256 1858 301 1892; x_wconf 88' lang='lat' dir='ltr'><strong>et</strong></span> <span class='ocrx_word' id='word_1_197' title='bbox 318 1848 430 1891; x_wconf 89' lang='lat' dir='ltr'><strong>bene</strong></span> <span class='ocrx_word' id='word_1_198' title='bbox 451 1848 612 1891; x_wconf 86' lang='lat' dir='ltr'><strong>cithara</strong></span> <span class='ocrx_word' id='word_1_199' title='bbox 631 1847 813 1890; x_wconf 86' lang='lat' dir='ltr'><strong>canendi</strong></span> <span class='ocrx_word' id='word_1_200' title='bbox 843 1848 949 1906; x_wconf 90' lang='lat' dir='ltr'><strong>lyrae</strong></span> <span class='ocrx_word' id='word_1_201' title='bbox 978 1848 1121 1906; x_wconf 89' lang='lat' dir='ltr'><strong>potius</strong></span> <span class='ocrx_word' id='word_1_202' title='bbox 1141 1863 1270 1905; x_wconf 86' lang='lat' dir='ltr'><strong>quam</strong></span> <span class='ocrx_word' id='word_1_203' title='bbox 1292 1849 1372 1891; x_wconf 87' lang='lat' dir='ltr'><strong>arti</strong></span> <span class='ocrx_word' id='word_1_204' title='bbox 1393 1849 1519 1892; x_wconf 87' lang='lat' dir='ltr'><strong>ascri-</strong></span> 
     </span>
     <span class='ocr_line' id='line_1_26' title="bbox 129 1916 1520 1977; baseline -0.001 -15"><span class='ocrx_word' id='word_1_205' title='bbox 129 1918 218 1962; x_wconf 83' lang='lat' dir='ltr'><strong>bat.</strong></span> <span class='ocrx_word' id='word_1_206' title='bbox 278 1919 346 1961; x_wconf 77' lang='lat' dir='ltr'><strong>Ex</strong></span> <span class='ocrx_word' id='word_1_207' title='bbox 363 1918 415 1960; x_wconf 91' lang='lat' dir='ltr'><strong>iis</strong></span> <span class='ocrx_word' id='word_1_208' title='bbox 438 1918 572 1977; x_wconf 89' lang='lat' dir='ltr'><strong>igitur</strong></span> <span class='ocrx_word' id='word_1_209' title='bbox 590 1932 686 1976; x_wconf 86' lang='lat' dir='ltr'><strong>quae</strong></span> <span class='ocrx_word' id='word_1_210' title='bbox 705 1916 821 1961; x_wconf 64' lang='lat' dir='ltr'><strong>dicta</strong></span> <span class='ocrx_word' id='word_1_211' title='bbox 847 1917 960 1970; x_wconf 78' lang='lat' dir='ltr'><strong>sunt,</strong></span> <span class='ocrx_word' id='word_1_212' title='bbox 979 1916 1062 1959; x_wconf 88' lang='lat' dir='ltr'><strong>alia</strong></span> <span class='ocrx_word' id='word_1_213' title='bbox 1090 1917 1333 1975; x_wconf 85' lang='lat' dir='ltr'>suppetant,</span> <span class='ocrx_word' id='word_1_214' title='bbox 1355 1917 1438 1960; x_wconf 86' lang='lat' dir='ltr'><strong>alia</strong></span> <span class='ocrx_word' id='word_1_215' title='bbox 1455 1918 1520 1960; x_wconf 87' lang='lat' dir='ltr'><strong>le-</strong></span> 
     </span>
     <span class='ocr_line' id='line_1_27' title="bbox 129 1984 1521 2047; baseline -0.001 -17"><span class='ocrx_word' id='word_1_216' title='bbox 129 2001 237 2047; x_wconf 82' lang='lat' dir='ltr'><strong>gum</strong></span> <span class='ocrx_word' id='word_1_217' title='bbox 265 1985 441 2045; x_wconf 81' lang='lat' dir='ltr'>scriptor</span> <span class='ocrx_word' id='word_1_218' title='bbox 473 1995 679 2044; x_wconf 86' lang='lat' dir='ltr'><strong>praeparet</strong></span> <span class='ocrx_word' id='word_1_219' title='bbox 712 2001 762 2028; x_wconf 86' lang='lat' dir='ltr'><strong>ac</strong></span> <span class='ocrx_word' id='word_1_220' title='bbox 791 1984 1030 2043; x_wconf 82' lang='lat' dir='ltr'><strong>suppeditet</strong></span> <span class='ocrx_word' id='word_1_221' title='bbox 1064 1985 1226 2027; x_wconf 81' lang='lat' dir='ltr'><strong>neceffe</strong></span> <span class='ocrx_word' id='word_1_222' title='bbox 1257 1987 1329 2028; x_wconf 84' lang='lat' dir='ltr'><strong>est.</strong></span> <span class='ocrx_word' id='word_1_223' title='bbox 1392 1986 1521 2029; x_wconf 78' lang='lat' dir='ltr'><strong>Quo-</strong></span> 
     </span>
     <span class='ocr_line' id='line_1_28' title="bbox 127 2051 1524 2110; baseline 0 -14"><span class='ocrx_word' id='word_1_224' title='bbox 127 2053 243 2097; x_wconf 81' lang='lat' dir='ltr'><strong>circa</strong></span> <span class='ocrx_word' id='word_1_225' title='bbox 273 2052 318 2096; x_wconf 90' lang='lat' dir='ltr'><strong>in</strong></span> <span class='ocrx_word' id='word_1_226' title='bbox 349 2051 646 2096; x_wconf 79' lang='lat' dir='ltr'><strong>constituenda</strong></span> <span class='ocrx_word' id='word_1_227' title='bbox 674 2051 863 2104; x_wconf 88' lang='lat' dir='ltr'><strong>civitate,</strong></span> <span class='ocrx_word' id='word_1_228' title='bbox 891 2067 961 2094; x_wconf 88' lang='lat' dir='ltr'><strong>eas</strong></span> <span class='ocrx_word' id='word_1_229' title='bbox 992 2066 1060 2094; x_wconf 90' lang='lat' dir='ltr'><strong>res</strong></span> <span class='ocrx_word' id='word_1_230' title='bbox 1090 2052 1294 2095; x_wconf 85' lang='lat' dir='ltr'><strong>omnibus</strong></span> <span class='ocrx_word' id='word_1_231' title='bbox 1321 2053 1524 2110; x_wconf 80' lang='lat' dir='ltr'><strong>precibus</strong></span> 
     </span>
     <span class='ocr_line' id='line_1_29' title="bbox 7 2117 1523 2182; baseline -0.001 -17"><span class='ocrx_word' id='word_1_232' title='bbox 7 2179 10 2181; x_wconf 13' lang='grc' dir='ltr'><strong>Α</strong></span> <span class='ocrx_word' id='word_1_233' title='bbox 126 2117 298 2182; x_wconf 71' lang='lat' dir='ltr'><strong>oramus</strong></span> <span class='ocrx_word' id='word_1_234' title='bbox 326 2131 372 2165; x_wconf 88' lang='lat' dir='ltr'><strong>et</strong></span> <span class='ocrx_word' id='word_1_235' title='bbox 399 2131 614 2179; x_wconf 87' lang='lat' dir='ltr'><strong>optamus,</strong></span> <span class='ocrx_word' id='word_1_236' title='bbox 635 2136 733 2179; x_wconf 88' lang='lat' dir='ltr'><strong>quae</strong></span> <span class='ocrx_word' id='word_1_237' title='bbox 754 2121 849 2163; x_wconf 88' lang='lat' dir='ltr'><strong>sunt</strong></span> <span class='ocrx_word' id='word_1_238' title='bbox 869 2120 911 2163; x_wconf 91' lang='lat' dir='ltr'><strong>in</strong></span> <span class='ocrx_word' id='word_1_239' title='bbox 933 2121 1136 2179; x_wconf 87' lang='lat' dir='ltr'><strong>potestate</strong></span> <span class='ocrx_word' id='word_1_240' title='bbox 1165 2130 1211 2164; x_wconf 91' lang='lat' dir='ltr'><strong>et</strong></span> <span class='ocrx_word' id='word_1_241' title='bbox 1239 2121 1416 2164; x_wconf 82' lang='lat' dir='ltr'><strong>arbitrio</strong></span> <span class='ocrx_word' id='word_1_242' title='bbox 1435 2121 1523 2164; x_wconf 86' lang='lat' dir='ltr'><strong>for-</strong></span> 
     </span>
     <span class='ocr_line' id='line_1_30' title="bbox 0 2187 1524 2263; baseline -0.001 -28"><span class='ocrx_word' id='word_1_243' title='bbox 0 2187 24 2263; x_wconf 62' lang='grc' dir='ltr'><strong>’ἐ</strong></span> <span class='ocrx_word' id='word_1_244' title='bbox 127 2196 246 2235; x_wconf 79' lang='lat' dir='ltr'><strong>tunae</strong></span> <span class='ocrx_word' id='word_1_245' title='bbox 265 2204 279 2234; x_wconf 65' lang='grc' dir='ltr'>ε</span> <span class='ocrx_word' id='word_1_246' title='bbox 310 2205 407 2235; x_wconf 81' lang='lat' dir='ltr'><strong>eam</strong></span> <span class='ocrx_word' id='word_1_247' title='bbox 425 2190 541 2234; x_wconf 87' lang='lat' dir='ltr'><strong>enim</strong></span> <span class='ocrx_word' id='word_1_248' title='bbox 563 2190 717 2233; x_wconf 79' lang='lat' dir='ltr'><strong>harum</strong></span> <span class='ocrx_word' id='word_1_249' title='bbox 738 2205 879 2232; x_wconf 89' lang='lat' dir='ltr'><strong>rerum</strong></span> <span class='ocrx_word' id='word_1_250' title='bbox 909 2190 1109 2233; x_wconf 86' lang='lat' dir='ltr'><strong>arbitram</strong></span> <span class='ocrx_word' id='word_1_251' title='bbox 1132 2205 1182 2234; x_wconf 89' lang='lat' dir='ltr'><strong>ac</strong></span> <span class='ocrx_word' id='word_1_252' title='bbox 1202 2190 1422 2234; x_wconf 86' lang='lat' dir='ltr'><strong>dominam</strong></span> <span class='ocrx_word' id='word_1_253' title='bbox 1444 2206 1524 2249; x_wconf 87' lang='lat' dir='ltr'><strong>po-</strong></span> 
     </span>
     <span class='ocr_line' id='line_1_31' title="bbox 0 2259 1527 2367; baseline 0.001 -64"><span class='ocrx_word' id='word_1_254' title='bbox 0 2264 24 2367; x_wconf 55' lang='lat'><strong>{0‘</strong></span> <span class='ocrx_word' id='word_1_255' title='bbox 127 2259 301 2303; x_wconf 67' lang='lat' dir='ltr'><strong>nimus:</strong></span> <span class='ocrx_word' id='word_1_256' title='bbox 332 2259 407 2303; x_wconf 88' lang='lat' dir='ltr'><strong>sed</strong></span> <span class='ocrx_word' id='word_1_257' title='bbox 433 2261 592 2302; x_wconf 87' lang='lat' dir='ltr'><strong>bonam</strong></span> <span class='ocrx_word' id='word_1_258' title='bbox 625 2260 704 2303; x_wconf 84' lang='lat' dir='ltr'><strong>effe</strong></span> <span class='ocrx_word' id='word_1_259' title='bbox 733 2259 968 2312; x_wconf 88' lang='lat' dir='ltr'><strong>civitatem,</strong></span> <span class='ocrx_word' id='word_1_260' title='bbox 993 2275 1078 2303; x_wconf 92' lang='lat' dir='ltr'><strong>non</strong></span> <span class='ocrx_word' id='word_1_261' title='bbox 1100 2260 1192 2318; x_wconf 86' lang='lat' dir='ltr'><strong>jam</strong></span> <span class='ocrx_word' id='word_1_262' title='bbox 1220 2261 1422 2315; x_wconf 86' lang='lat' dir='ltr'><strong>fortunae,</strong></span> <span class='ocrx_word' id='word_1_263' title='bbox 1453 2261 1527 2306; x_wconf 87' lang='lat' dir='ltr'><strong>sed</strong></span> 
     </span>
     <span class='ocr_line' id='line_1_32' title="bbox 128 2327 1527 2389; baseline 0.001 -14.916"><span class='ocrx_word' id='word_1_264' title='bbox 128 2327 317 2374; x_wconf 78' lang='lat' dir='ltr'><strong>scientiae</strong></span> <span class='ocrx_word' id='word_1_265' title='bbox 355 2340 398 2373; x_wconf 87' lang='lat' dir='ltr'><strong>et</strong></span> <span class='ocrx_word' id='word_1_266' title='bbox 433 2329 593 2382; x_wconf 66' lang='lat' dir='ltr'><strong>consilii</strong></span> <span class='ocrx_word' id='word_1_267' title='bbox 632 2345 790 2373; x_wconf 83' lang='lat' dir='ltr'><strong>munus</strong></span> <span class='ocrx_word' id='word_1_268' title='bbox 822 2338 955 2388; x_wconf 90' lang='lat' dir='ltr'><strong>atque</strong></span> <span class='ocrx_word' id='word_1_269' title='bbox 989 2346 1096 2388; x_wconf 88' lang='lat' dir='ltr'><strong>opus</strong></span> <span class='ocrx_word' id='word_1_270' title='bbox 1132 2332 1204 2374; x_wconf 86' lang='lat' dir='ltr'><strong>est.</strong></span> <span class='ocrx_word' id='word_1_271' title='bbox 1266 2331 1431 2389; x_wconf 81' lang='lat' dir='ltr'><strong>Atquin</strong></span> <span class='ocrx_word' id='word_1_272' title='bbox 1472 2346 1527 2376; x_wconf 91' lang='lat' dir='ltr'><strong>eo</strong></span> 
     </span>
     <span class='ocr_line' id='line_1_33' title="bbox 0 2389 1528 2498; baseline 0.001 -55"><span class='ocrx_word' id='word_1_273' title='bbox 0 2389 36 2498; x_wconf 49' lang='grc' dir='ltr'><strong>ἑ</strong></span> <span class='ocrx_word' id='word_1_274' title='bbox 131 2400 247 2443; x_wconf 78' lang='lat' dir='ltr'><strong>bona</strong></span> <span class='ocrx_word' id='word_1_275' title='bbox 265 2398 415 2442; x_wconf 80' lang='lat' dir='ltr'><strong>civitas</strong></span> <span class='ocrx_word' id='word_1_276' title='bbox 435 2399 508 2452; x_wconf 89' lang='lat' dir='ltr'><strong>est,</strong></span> <span class='ocrx_word' id='word_1_277' title='bbox 528 2399 647 2456; x_wconf 91' lang='lat' dir='ltr'><strong>quod</strong></span> <span class='ocrx_word' id='word_1_278' title='bbox 668 2398 798 2451; x_wconf 81' lang='lat' dir='ltr'><strong>cives,</strong></span> <span class='ocrx_word' id='word_1_279' title='bbox 818 2399 893 2456; x_wconf 91' lang='lat' dir='ltr'><strong>qui</strong></span> <span class='ocrx_word' id='word_1_280' title='bbox 913 2399 1158 2456; x_wconf 76' lang='lat' dir='ltr'><strong>reipublicae</strong></span> <span class='ocrx_word' id='word_1_281' title='bbox 1188 2399 1528 2445; x_wconf 85' lang='lat' dir='ltr'><strong>administrandae</strong></span> 
     </span>
     <span class='ocr_line' id='line_1_34' title="bbox 131 2467 1530 2527; baseline 0.001 -15"><span class='ocrx_word' id='word_1_282' title='bbox 131 2468 232 2512; x_wconf 80' lang='lat' dir='ltr'><strong>sunt</strong></span> <span class='ocrx_word' id='word_1_283' title='bbox 249 2467 478 2527; x_wconf 74' lang='lat' dir='ltr'><strong>participes</strong></span> <span class='ocrx_word' id='word_1_284' title='bbox 509 2476 554 2510; x_wconf 91' lang='lat' dir='ltr'><strong>et</strong></span> <span class='ocrx_word' id='word_1_285' title='bbox 582 2467 814 2520; x_wconf 82' lang='lat' dir='ltr'><strong>consorteS,</strong></span> <span class='ocrx_word' id='word_1_286' title='bbox 834 2468 938 2510; x_wconf 92' lang='lat' dir='ltr'><strong>boni</strong></span> <span class='ocrx_word' id='word_1_287' title='bbox 969 2469 1062 2521; x_wconf 87' lang='lat' dir='ltr'><strong>fint,</strong></span> <span class='ocrx_word' id='word_1_288' title='bbox 1085 2469 1209 2511; x_wconf 92' lang='lat' dir='ltr'><strong>nobis</strong></span> <span class='ocrx_word' id='word_1_289' title='bbox 1240 2479 1385 2513; x_wconf 89' lang='lat' dir='ltr'><strong>autem</strong></span> <span class='ocrx_word' id='word_1_290' title='bbox 1417 2470 1530 2514; x_wconf 86' lang='lat' dir='ltr'><strong>cives</strong></span> 
     </span>
     <span class='ocr_line' id='line_1_35' title="bbox 132 2536 1529 2595; baseline 0.002 -15"><span class='ocrx_word' id='word_1_291' title='bbox 132 2546 285 2581; x_wconf 78' lang='lat' dir='ltr'><strong>omnes</strong></span> <span class='ocrx_word' id='word_1_292' title='bbox 313 2536 564 2595; x_wconf 82' lang='lat' dir='ltr'><strong>reipublicae</strong></span> <span class='ocrx_word' id='word_1_293' title='bbox 600 2536 971 2579; x_wconf 87' lang='lat' dir='ltr'><strong>administrationis</strong></span> <span class='ocrx_word' id='word_1_294' title='bbox 1004 2537 1100 2580; x_wconf 88' lang='lat' dir='ltr'><strong>sunt</strong></span> <span class='ocrx_word' id='word_1_295' title='bbox 1134 2538 1366 2581; x_wconf 86' lang='lat' dir='ltr'><strong>consortes.</strong></span> <span class='ocrx_word' id='word_1_296' title='bbox 1430 2541 1529 2583; x_wconf 90' lang='lat' dir='ltr'><strong>Hoc</strong></span> 
     </span>
     <span class='ocr_line' id='line_1_36' title="bbox 133 2605 1528 2666; baseline 0.001 -17"><span class='ocrx_word' id='word_1_297' title='bbox 133 2605 271 2666; x_wconf 74' lang='lat' dir='ltr'><strong>igitur</strong></span> <span class='ocrx_word' id='word_1_298' title='bbox 286 2605 637 2649; x_wconf 78' lang='lat' dir='ltr'><strong>confidemndum</strong></span> <span class='ocrx_word' id='word_1_299' title='bbox 657 2606 729 2658; x_wconf 88' lang='lat' dir='ltr'><strong>est,</strong></span> <span class='ocrx_word' id='word_1_300' title='bbox 751 2620 839 2662; x_wconf 91' lang='lat' dir='ltr'><strong>quo</strong></span> <span class='ocrx_word' id='word_1_301' title='bbox 859 2606 984 2663; x_wconf 60' lang='lat' dir='ltr'><strong>paeto</strong></span> <span class='ocrx_word' id='word_1_302' title='bbox 1006 2606 1068 2648; x_wconf 91' lang='lat' dir='ltr'><strong>vir</strong></span> <span class='ocrx_word' id='word_1_303' title='bbox 1089 2607 1229 2649; x_wconf 89' lang='lat' dir='ltr'><strong>bonus</strong></span> <span class='ocrx_word' id='word_1_304' title='bbox 1262 2607 1349 2649; x_wconf 83' lang='lat' dir='ltr'><strong>fiat.</strong></span> <span class='ocrx_word' id='word_1_305' title='bbox 1411 2609 1528 2651; x_wconf 84' lang='lat' dir='ltr'><strong>Nam</strong></span> 
     </span>
     <span class='ocr_line' id='line_1_37' title="bbox 133 2664 1526 2735; baseline 0.001 -16"><span class='ocrx_word' id='word_1_306' title='bbox 133 2675 163 2720; x_wconf 79' lang='lat' dir='ltr'>fi</span> <span class='ocrx_word' id='word_1_307' title='bbox 183 2674 271 2718; x_wconf 80' lang='lat' dir='ltr'><strong>fieri</strong></span> <span class='ocrx_word' id='word_1_308' title='bbox 287 2674 427 2733; x_wconf 82' lang='lat' dir='ltr'><strong>potest</strong></span> <span class='ocrx_word' id='word_1_309' title='bbox 456 2683 506 2718; x_wconf 89' lang='lat' dir='ltr'><strong>ut</strong></span> <span class='ocrx_word' id='word_1_310' title='bbox 535 2688 687 2717; x_wconf 91' lang='lat' dir='ltr'><strong>omnes</strong></span> <span class='ocrx_word' id='word_1_311' title='bbox 715 2674 827 2716; x_wconf 89' lang='lat' dir='ltr'><strong>cives</strong></span> <span class='ocrx_word' id='word_1_312' title='bbox 855 2664 934 2716; x_wconf 76' lang='lat' dir='ltr'><strong>{int</strong></span> <span class='ocrx_word' id='word_1_313' title='bbox 964 2674 1043 2717; x_wconf 89' lang='lat' dir='ltr'><strong>viri</strong></span> <span class='ocrx_word' id='word_1_314' title='bbox 1074 2675 1195 2728; x_wconf 84' lang='lat' dir='ltr'><strong>boni,</strong></span> <span class='ocrx_word' id='word_1_315' title='bbox 1225 2690 1311 2718; x_wconf 89' lang='lat' dir='ltr'><strong>non</strong></span> <span class='ocrx_word' id='word_1_316' title='bbox 1342 2675 1526 2735; x_wconf 88' lang='lat' dir='ltr'><strong>finguli:</strong></span> 
     </span>
     <span class='ocr_line' id='line_1_38' title="bbox 134 2742 1648 2803; baseline 0.001 -16"><span class='ocrx_word' id='word_1_317' title='bbox 134 2743 196 2788; x_wconf 68' lang='lat' dir='ltr'><strong>itu</strong></span> <span class='ocrx_word' id='word_1_318' title='bbox 212 2743 446 2803; x_wconf 81' lang='lat' dir='ltr'><strong>optabilius</strong></span> <span class='ocrx_word' id='word_1_319' title='bbox 465 2743 551 2786; x_wconf 82' lang='lat' dir='ltr'><strong>est:</strong></span> <span class='ocrx_word' id='word_1_320' title='bbox 583 2742 655 2786; x_wconf 87' lang='lat' dir='ltr'><strong>sed</strong></span> <span class='ocrx_word' id='word_1_321' title='bbox 686 2757 770 2785; x_wconf 90' lang='lat' dir='ltr'><strong>non</strong></span> <span class='ocrx_word' id='word_1_322' title='bbox 800 2744 962 2801; x_wconf 90' lang='lat' dir='ltr'><strong>potest:</strong></span> <span class='ocrx_word' id='word_1_323' title='bbox 995 2758 1144 2786; x_wconf 88' lang='lat' dir='ltr'><strong>omnes</strong></span> <span class='ocrx_word' id='word_1_324' title='bbox 1174 2744 1290 2787; x_wconf 90' lang='lat' dir='ltr'><strong>enim</strong></span> <span class='ocrx_word' id='word_1_325' title='bbox 1315 2745 1429 2788; x_wconf 87' lang='lat' dir='ltr'><strong>cives</strong></span> <span class='ocrx_word' id='word_1_326' title='bbox 1449 2746 1529 2790; x_wconf 86' lang='lat' dir='ltr'><strong>effe</strong></span> <span class='ocrx_word' id='word_1_327' title='bbox 1544 2755 1648 2798; x_wconf 84' lang='lat'><strong>288</strong></span> 
     </span>
     <span class='ocr_line' id='line_1_39' title="bbox 133 2811 1530 2873; baseline 0.001 -17"><span class='ocrx_word' id='word_1_328' title='bbox 133 2811 248 2856; x_wconf 75' lang='lat' dir='ltr'><strong>viros</strong></span> <span class='ocrx_word' id='word_1_329' title='bbox 267 2813 419 2865; x_wconf 88' lang='lat' dir='ltr'><strong>bonos,</strong></span> <span class='ocrx_word' id='word_1_330' title='bbox 442 2812 633 2870; x_wconf 87' lang='lat' dir='ltr'><strong>sequitur</strong></span> <span class='ocrx_word' id='word_1_331' title='bbox 651 2811 775 2864; x_wconf 81' lang='lat' dir='ltr'><strong>illud,</strong></span> <span class='ocrx_word' id='word_1_332' title='bbox 806 2821 856 2854; x_wconf 90' lang='lat' dir='ltr'><strong>ut</strong></span> <span class='ocrx_word' id='word_1_333' title='bbox 885 2811 1054 2870; x_wconf 87' lang='lat' dir='ltr'><strong>origine</strong></span> <span class='ocrx_word' id='word_1_334' title='bbox 1083 2813 1214 2871; x_wconf 88' lang='lat' dir='ltr'><strong>prius,</strong></span> <span class='ocrx_word' id='word_1_335' title='bbox 1238 2828 1530 2873; x_wconf 87' lang='lat' dir='ltr'><strong>unumquem-</strong></span> 
     </span>
     <span class='ocr_line' id='line_1_40' title="bbox 136 2880 1529 2940; baseline 0.003 -16"><span class='ocrx_word' id='word_1_336' title='bbox 136 2892 227 2940; x_wconf 79' lang='lat' dir='ltr'><strong>que</strong></span> <span class='ocrx_word' id='word_1_337' title='bbox 243 2881 324 2925; x_wconf 82' lang='lat' dir='ltr'><strong>effe</strong></span> <span class='ocrx_word' id='word_1_338' title='bbox 343 2882 522 2926; x_wconf 86' lang='lat' dir='ltr'><strong>bonurn.</strong></span> <span class='ocrx_word' id='word_1_339' title='bbox 585 2880 714 2925; x_wconf 86' lang='lat' dir='ltr'><strong>Fiunt</strong></span> <span class='ocrx_word' id='word_1_340' title='bbox 733 2895 860 2939; x_wconf 85' lang='lat' dir='ltr'><strong>porro</strong></span> <span class='ocrx_word' id='word_1_341' title='bbox 887 2881 992 2925; x_wconf 85' lang='lat' dir='ltr'><strong>boni</strong></span> <span class='ocrx_word' id='word_1_342' title='bbox 1012 2890 1056 2926; x_wconf 90' lang='lat' dir='ltr'><strong>et</strong></span> <span class='ocrx_word' id='word_1_343' title='bbox 1074 2883 1199 2940; x_wconf 87' lang='lat' dir='ltr'><strong>probi</strong></span> <span class='ocrx_word' id='word_1_344' title='bbox 1218 2882 1355 2927; x_wconf 88' lang='lat' dir='ltr'><strong>tribus</strong></span> <span class='ocrx_word' id='word_1_345' title='bbox 1374 2885 1529 2928; x_wconf 86' lang='lat' dir='ltr'><strong>rebus:</strong></span> 
     </span>
    </p>
   </div>
   <div class='ocr_carea' id='block_1_4' title="bbox 0 858 31 1331">
    <p class='ocr_par' dir='ltr' id='par_1_4' title="bbox 0 858 31 1331">
     <span class='ocr_line' id='line_1_41' title="bbox 0 858 31 1331; textangle 90"><span class='ocrx_word' id='word_1_346' title='bbox 4 1305 13 1331; x_wconf 50' lang='lat' dir='ltr'><strong>n·</strong></span> <span class='ocrx_word' id='word_1_347' title='bbox 0 1070 21 1295; x_wconf 36' lang='grc' dir='ltr'><strong>’,δι-ζῴη</strong></span> <span class='ocrx_word' id='word_1_348' title='bbox 11 1035 23 1056; x_wconf 17' lang='grc' dir='ltr'><strong>,ἃ</strong></span> <span class='ocrx_word' id='word_1_349' title='bbox 3 988 23 1017; x_wconf 76' lang='lat'><strong>&#39;.¹&#39;</strong></span> <span class='ocrx_word' id='word_1_350' title='bbox 3 920 18 975; x_wconf 64' lang='lat'><strong>“⁴¹⁸2-</strong></span> <span class='ocrx_word' id='word_1_351' title='bbox 3 858 31 892; x_wconf 21' lang='lat' dir='ltr'><strong>:Q</strong></span> 
     </span>
    </p>
   </div>
   <div class='ocr_carea' id='block_1_5' title="bbox 0 2582 30 2795">
    <p class='ocr_par' dir='ltr' id='par_1_5' title="bbox 0 2487 30 2795">
     <span class='ocr_line' id='line_1_42' title="bbox 0 2582 30 2795; textangle 90"><span class='ocrx_word' id='word_1_352' title='bbox 0 2615 30 2795; x_wconf 47' lang='lat' dir='ltr'><strong>0-e222n22‘2-‘-</strong></span> <span class='ocrx_word' id='word_1_353' title='bbox 16 2582 17 2585; x_wconf 55' lang='lat'><em>„</em></span> 
     </span>
    </p>
   </div>
   <div class='ocr_carea' id='block_1_6' title="bbox 0 2791 27 3138">
    <p class='ocr_par' dir='ltr' id='par_1_6' title="bbox 0 2791 27 3138">
     <span class='ocr_line' id='line_1_43' title="bbox 0 2791 27 3138; textangle 90"><span class='ocrx_word' id='word_1_354' title='bbox 0 3040 26 3138; x_wconf 48' lang='lat' dir='ltr'><strong>&#39;‘xz-‘a-</strong></span> <span class='ocrx_word' id='word_1_355' title='bbox 0 2939 27 3034; x_wconf 40' lang='lat' dir='ltr'><strong>nge-v</strong></span> <span class='ocrx_word' id='word_1_356' title='bbox 0 2813 22 2932; x_wconf 49' lang='grc' dir='ltr'><strong>«τ</strong></span> <span class='ocrx_word' id='word_1_357' title='bbox 0 2791 20 2802; x_wconf 65' lang='grc' dir='ltr'><strong>ς·</strong></span> 
     </span>
    </p>
   </div>
  </div>
 </body>
</html>
