1898 3308
382 189 475 234 DE
517 187 719 234 C'URA
759 189 880 234 REI
921 192 1088 235 FAM.
1133 191 1170 234 1.
1202 203 1245 248 5.
1425 184 1507 249 673

111 301 255 354 lantes
287 317 430 365 neque
463 302 653 347 remifl‘os
687 303 767 347 effe
798 304 1001 362 patiatur,
1034 313 1166 361 utque
1197 303 1512 348 liberalioribus

116 370 280 430 aliquid
301 371 474 416 honoris
503 373 675 426 habeat,
706 382 751 415 et
780 372 983 430 operariis
1009 371 1096 414 cibi
1116 373 1281 429 copiam
1305 373 1510 430 praebeat.

116 439 348 498 Quoniam*
371 449 516 485 autem
551 440 640 484 vini
677 449 786 499 potu
814 440 943 483 etiam
977 439 1103 482 liberi
1131 440 1373 496 petulantes
1403 440 1514 483 effici

115 507 268 562 solent,
287 511 332 552 et
352 507 572 552 in‘multis
605 509 809 568 gentibus
841 508 925 551 hoc
955 507 1077 551 liberi
1109 522 1283 565 quoque
1314 509 1537 551 homines.

117 577 359 632 abstinents
375 586 426 621 ut
453 578 498 620 in
528 578 668 621 castris
688 578 1078 636 Carthaginienses,
1105 586 1223 635 patet
1251 577 1369 634 quod
1391 577 1516 620 servis

115 644 186 689 vel
221 645 332 690 nihil
371 645 476 700 vini,
513 646 582 689 vel
615 661 822 705 perquam
861 661 1011 705 parum
1046 645 1409 689 contribuendum
1450 645 1514 688 fit.

115 713 214 757 Jam
239 713 387 757 'tribus
422 714 657 773 propositis,
678 729 823 772 opere,
844 713 1205 758 animadversione
1231 721 1276 756 et
1305 713 1434 756 cibo:
1468 713 1515 756 Si

117 779 248 828 cibus·
261 780 457 840 suppetat
474 782 560 824 fine
581 796 712 840 opere
731 791 776 825 et
793 782 1167 834 animadversione,
1191 781 1252 824 ita
1280 780 1516 839 petulantia

116 849 367 907 innascitur?
429 851 546 894 Inter
574 865 704 909 opera
731 866 837 894 vero.
862 860 907 894 et
934 850 1336 894 animadverfionem
1366 849 1516 892 cibum

116 931 204 962 non
222 919 397 973 habere,
413 929 459 963 et
478 920 679 979 injustum
699 929 830 980 atque
849 920 1083 964 violentum
1105 921 1177 972 est,
1199 929 1243 962 et
1263 918 1384 962 elidit
1404 917 1518 961 fran-

116 987 275 1046 gitque
300 987 445 1032 vires.'
488 989 763 1048 Relinquitur
791 1004 898 1048 ergo
927 988 1029 1042 hoc,
1057 997 1107 1032 ut
1136 1003 1264 1045 opera
1293 987 1430 1030 facere
1451 986 1516 1030 illi

117 1056 412 1114 cognatm-,et
439 1056 539 1101 satis
568 1058 631 1101 eis
660 1057 950 1116 suppeditetur
973 1058 1076 1102 cibi.
1135 1059 1254 1101 Nam
1276 1072 1358 1099 non
1382 1057 1516 1114 potest

115 1122 272 1182 aliquis
289 1123 592 1169 dominusefl'e
611 1141 761 1170 eorum
791 1127 950 1184 quibus
978 1138 1144 1169 merces
1163 1125 1283 1168 nulla
1304 1125 1515 1183 persolva-

118 1199 205 1235 tur.
265 1193 386 1236 Servi
415 1202 560 1237 autem
589 1209 753 1237 merces
787 1195 910 1237 cibus
940 1194 1012 1237 est.
1074 1193 1209 1237 Quod
1236 1188 1400 1236 veroin
1422 1193 1517 1236 aliis

108 1259 280 1304 'accidit
298 1269 348 1304 ut
366 1261 596 1315 deteriores
616 1262 735 1315 fiant,
754 1262 781 1304 fi
803 1277 889 1306 non
911 1255 1162 1305 melioribus
1183 1261 1355 1313 melius,
1378 1268 1518 1319 neque

117 1328 295 1387 praemia
328 1329 496 1373 virtutis
525 1340 658 1388 atque
682 1330 884 1373 vitiorum
912 1329 1123 1387 proposita
1153 1329 1247 1381 fint,
1270 1329 1384 1371 idem
1407 1343 1516 1372 con-

117 1395 253 1455 tingit
288 1396 334 1442 in
369 1396 562 1442 famulis.
624 1398 919 1442 Quamobrem
959 1396 1236 1440 consideratio
1273 1397 1518 1440 adhibenda

117 1465 191 1518 est,
213 1465 602 1526 distribuenturque
632 1475 679 1509 et
707 1467 980 1510 remittentur
999 1466 1164 1525 fingula
1182 1481 1260 1524 pro
1291 1481 1345 1509 eo
1372 1481 1422 1509 ac
1444 1466 1513 1521 ⁸illi

117 1532 426 1579 merebuntur:
460 1535 615 1588 Cibus,
645 1536 790 1587 vestes,
822 1534 979 1588 otium,
1000 1534 1336 1578 animadversio:
1369 1535 1634 1584 imita-332

73 1656 84 1663 ,Ἴ
117 1601 348 1662 bimurque
378 1603 509 1646 verbo
547 1612 592 1646 et
626 1618 688 1656 re,
725 1603 1004 1646 Medicorum
1039 1602 1288 1646 facultatem
1325 1600 1517 1661 respe&u

117 1669 549 1724 medicamentorum,
579 1670 693 1714 hanc
726 1670 903 1729 quidem
938 1671 1248 1729 cogitationem
1277 1671 1518 1730 adjungen-

115 1745 212 1783 tes:
245 1738 380 1785 Quod
411 1738 534 1782 cibus
569 1751 657 1783 non
690 1739 739 1782 fit
773 1739 1138 1782 medicamentum
1170 1747 1344 1797 propter
1377 1741 1520 1783 conti-

118 1821 254 1853 nuum
275 1807 412 1851 usum.
473 1807 543 1851 Ad
571 1822 702 1866 opera
729 1807 924 1850 facienda
955 1807 1170 1850 servorum
1192 1808 1311 1850 natio
1330 1809 1518 1852 maxime

117 1876 358 1934 opportuna
375 1876 503 1920 estes
522 1886 621 1934 quae
642 1890 780 1933 neque
799 1875 954 1934 ignava
982 1891 1123 1933 neque
1152 1875 1281 1919 nimis
1309 1876 1433 1919 fortis
1455 1877 1519 1921 fit.

117 1943 276 1988 Ambae
306 1944 424 1989 enim
455 1943 526 1988 hae
558 1943 722 2004 injustae
751 1954 796 1988 et
829 1945 1038 2003 improbae
1067 1944 1179 1988 sunt.
1240 1946 1356 1988 Nam
1390 1946 1518 1988 nimis

117 2011 265 2070 ignavi
285 2012 398 2057 nibil
428 2011 628 2065 tolerant,
649 2021 695 2055 et
715 2011 889 2055 animofi
914 2012 1142 2056 difficulter
1161 2023 1384 2071 reguntur.
1446 2013 1480 2056 F
1480 2013 1519 2055 i-

115 2081 183 2124 nis
199 2081 330 2124 etiam
350 2080 687 2138 praesetibendus
706 2081 763 2123 est
785 2081 1001 2124 univerfis.
1061 2082 1231 2125 Justum
1260 2082 1375 2124 enim
1398 2082 1454 2125 est
1475 2091 1521 2125 et

112 2148 235 2202 utile,
274 2148 502 2208 praemium
549 2149 810 2208 propofitum
860 2149 941 2192 effe
988 2149 1251 2208 libertatem.
1312 2151 1520 2194 Libenter

115 2217 234 2262 enim
263 2217 482 2261 laboratur
516 2218 696 2275 praemio
731 2217 940 2275 proposito
979 2227 1023 2260 et
1058 2227 1253 2276 tempore
1291 2219 1516 2276 praefinito.

117 2287 230 2330 Sunt
247 2285 377 2332 etiam
410 2285 772 2343 procreationibus
802 2285 987 2328 liberfim
1020 2294 1225 2344 tanquam
1266 2287 1520 2344 pignoribus

115 2355 310 2400 obfidum
330 2354 639 2412 obstringendi.
699 2356 805 2397 Non
824 2355 1085 2412 parabuntur
1102 2364 1244 2397 autem
1267 2355 1370 2397 servi
1390 2355 1519 2399 multi

114 2423 338 2483 populares
357 2439 367 2466 :
401 2438 455 2466 ne
477 2423 519 2465 in
542 2423 722 2465 urbibus
742 2423 918 2479 quidem
939 2440 950 2467 ε
983 2433 1026 2466 et
1046 2422 1246 2466 sacrificia
1267 2422 1516 2482 frucstusque

116 2492 348 2551 voluptatis
382 2491 437 2535 ad
469 2491 606 2534 servos
635 2491 776 2549 magis
809 2493 939 2550 quani
973 2491 1132 2534 liberos
1162 2491 1218 2534 est
1249 2490 1515 2535 referendus.

112 2560 242 2607 Nam*
262 2561 385 2620 plura
411 2558 510 2604 sunt
542 2560 586 2603 in
615 2558 716 2613 illis,
738 2568 912 2617 propter
941 2575 1040 2618 quae
1071 2559 1168 2603 haec
1194 2557 1371 2603 fuerunt
1397 2559 1512 2603 insti-

124 2638 235 2675 tuta.

811 2917 890 2948 XX
