1898 3308
371 212 458 253 440
755 229 758 233 ⁴
807 200 1336 262 Amsro‘rssms

372 321 470 363 Jam
491 335 587 364 vero
617 319 678 365 ad·
703 319 840 367 vifitua
871 325 1180 382 parsimoniam,
1203 325 1374 383 cibique
1402 323 1748 385 paucitatemyxit

370 403 462 432 rem
495 389 662 443 utilem,
696 401 739 434 et
776 393 830 435 ad
864 390 1135 436 foeminarum
1165 393 1495 451 disjun&ionem
1528 392 1747 438 newnimi'u

373 458 535 500 multos
554 458 661 501 filios
682 459 858 517 pariant,
881 461 1158 503 masculorum
1180 462 1484 504 consuetudine
1505 461 1748 518 rintrotlu&

295 527 322 586 7
332 528 358 570 3
380 527 526 581 (reae,
546 542 598 570 an
621 528 752 581 secun,
774 529 879 572 alius
899 530 980 586 erit
999 529 1236 586 disputandi
1266 530 1405 584 locus)
1429 529 1745 587 multazsapiena

373 602 451 637 ter*
471 604 667 639 etaacute
700 597 960 654 excogitavit
993 597 1102 639 lator
1132 596 1256 654 legis.
1317 599 1376 639 Ea
1403 597 1537 654 igitur
1564 610 1669 656 que·
1691 595 1746 640 ad

370 663 563 706 convivia
589 665 758 721 publica
774 666 1013 722 pertinent,
1035 664 1186 707 melius
1206 664 1283 707 effe
1303 665 1509 722 descripta
1526 667 1656 723 atque
1673 678 1744 708 or-

369 729 514 773 dinata
534 731 644 788 apud
667 733 902 784 Cretenses,
924 732 1052 791 quam
1072 732 1183 789 apud
1208 731 1566 784 Lacedaemonios,
1581 731 1744 790 perspi-

370 809 507 841 cuum?
522 801 594 841 est.
656 801 739 842 Sed
760 817 857 858 quae
877 801 930 843 ad
952 800 1127 844 Cosmos
1157 801 1358 857 spectant,
1389 815 1439 842 ea
1468 798 1744 843 etiamdum

333 898 336 902 -
370 866 474 918 rius,
497 883 624 924 quam
645 863 741 925 quae
761 868 812 910 ad
833 869 1042 925 Ephoros,
1063 869 1286 910 constituta
1315 868 1426 911 sunt.
1485 867 1600 911 Nam'
1627 867 1744 926 quud

368 935 469 976 mali
488 936 590 978 inest
612 936 657 978 in
682 936 944 993 Ephororum
964 936 1157 993 imperio,
1190 936 1272 979 hoc
1301 937 1402 978 inest
1433 936 1562 979 etiam
1584 934 1743 978 instro*

367 1018 463 1045 rum
503 1005 718 1061 potestate.
779 1005 986 1048 Creantur
1033 1005 1147 1047 enim
1195 1005 1391 1050 homines
1427 1005 1548 1048 'forte
1594 1002 1742 1051 OEbhtiss

367 1071 503 1114 Quod
533 1080 676 1114 autem
707 1071 794 1114 illic
823 1072 874 1114 ad
905 1072 1149 1129 reipublicae
1176 1073 1327 1116 statum
1346 1073 1453 1116 utile
1472 1072 1544 1125 est,
1565 1071 1743 1117 hiem

367 1139 441 1182 est.
503 1139 596 1182 Illic
630 1140 746 1185 enim
780 1149 1000 1197 propterea
1028 1139 1144 1198 quod
1174 1139 1328 1183 eleaio
1361 1140 1408 1182 fit
1440 1154 1493 1183 ex
1524 1138 1743 1192 omnibu&

366 1206 564 1264 populus,
596 1208 670 1264 qui
704 1207 870 1264 imperii
902 1208 1078 1250 maximi
1108 1208 1156 1258 fit
1186 1207 1409 1266 particeps,
1439 1206 1743 1265 rempublicam

366 1289 536 1317 manere
560 1274 718 1317 studet.
779 1275 865 1317 Hic
900 1279 1050 1317 autem'
1082 1290 1165 1316 non
1200 1290 1254 1317 ex
1289 1275 1491 1318 omnibus
1526 1274 1745 1335 eliguntur

367 1341 525 1394 Cosmi,
545 1342 614 1384 sed
635 1357 685 1384 ex
705 1338 954 1399 quibusdam
982 1341 1233 1398 generibus:
1266 1338 1490 1395 senatores,
1511 1357 1563 1384 ex
1588 1341 1642 1384 iis
1667 1340 1743 1400 qui

368 1410 564 1453 Cosmico
597 1424 771 1453 munere
801 1410 937 1453 funffi
967 1410 1086 1451 sunt:
1117 1409 1171 1451 de
1201 1409 1357 1467 quibus
1386 1410 1535 1452 eadem
1555 1409 1653 1468 quis
1673 1409 1742 1452 di-

365 1483 465 1520 cere
491 1478 625 1535 poffit,
658 1493 706 1519 ac
743 1477 796 1520 de
831 1477 883 1520 iis
915 1477 990 1534 qui
1021 1477 1329 1519 Lacedaemone
1357 1485 1567 1520 creantur.
1625 1478 1743 1520 Nam

363 1546 581 1588 rationum
613 1545 926 1587 referendarum
948 1543 1113 1601 judicio
1143 1559 1227 1586 non
1261 1544 1410 1596 teneri,
1430 1554 1476 1587 et
1503 1559 1579 1602 per
1605 1552 1742 1588 totam

364 1614 494 1655 vitam
529 1628 676 1671 gerere
717 1613 1022 1670 magistratum,
1056 1612 1191 1670 major
1222 1613 1280 1654 est
1315 1613 1467 1666 honos,
1501 1612 1743 1670 quam‘pro

362 1697 510 1725 eorum
530 1682 771 1740 dignitate:
803 1695 987 1738 eumque
1016 1694 1102 1722 non
1133 1695 1184 1722 ex
1214 1680 1452 1738 praescripto
1469 1679 1582 1738 *juris
1600 1678 1742 1739 scripti

361 1749 583 1805 imperare,
606 1747 677 1789 sed
697 1747 771 1790 suo
794 1747 998 1788 arbitratu
1027 1746 1317 1803 magistratum
1346 1760 1507 1804 gerere,
1528 1746 1742 1803 periculo-

362 1816 452 1858 sum
488 1817 558 1858 est.
620 1816 751 1858 Quod
790 1825 934 1856 autem
973 1813 1152 1872 quiescit
1185 1813 1382 1871 populus,
1415 1814 1576 1857 etiamfi
1613 1814 1742 1873 hujus

363 1885 630 1942 magistratus
672 1899 755 1926 non
792 1884 839 1925 fit
872 1882 1099 1939 particeps,
1135 1881 1304 1924 nullum
1344 1883 1401 1924 est
1438 1892 1741 1940 argumentum

362 1952 610 2009 reipublicae
645 1953 754 1994 bene
785 1950 1005 1993 ordinatae.
1063 1951 1177 1992 Nam
1212 1964 1351 2007 neque
1382 1949 1471 1992 ulla
1491 1951 1670 2003 Cosmis,
1692 1961 1742 1996 ut

361 2020 561 2076 Ephoris‚
582 2019 763 2075 quaestus
783 2017 966 2059 faciendi
985 2032 1038 2059 ex
1057 2017 1301 2074 magistratu
1324 2017 1500 2060 facultas
1529 2017 1669 2072 datur,
1690 2029 1740 2063 ut

361 2088 436 2145 qui
476 2088 519 2129 in
559 2086 693 2129 insula
730 2086 861 2143 longe
900 2086 1035 2127 absint
1074 2085 1127 2127 ab
1168 2085 1219 2127 iis
1258 2084 1332 2143 qui
1371 2086 1608 2143 corrupturi
1646 2087 1739 2131 fint-

363 2158 508 2200 Quam
541 2164 684 2206 autem
716 2153 921 2196 adhibent
953 2153 1006 2198 ad
1037 2152 1120 2194 hoc
1148 2161 1331 2195 erratum
1361 2153 1660 2211 corrigendum
1689 2170 1739 2199 ac

361 2224 590 2267 sanandum
628 2221 904 2272 medicinam,
944 2234 1043 2262 cum
1078 2219 1253 2262 absurda
1286 2220 1348 2272 fit,
1386 2230 1479 2263 tum
1516 2236 1570 2264 ne
1602 2221 1740 2266 civilis

362 2291 551 2349 quidem'
570 2288 741 2342 est‚’sed
777 2288 981 2345 potentiae
1011 2287 1153 2340 unius,
1182 2296 1256 2330 aut
1285 2302 1530 2345 paucorum,
1553 2289 1638 2333 hoe
1665 2291 1738 2342 est',

361 2359 577 2417 dynastiae,
599 2366 673 2399 aut
692 2356 936 2413 oligarchiae
961 2355 1252 2397 consentanea.
1305 2357 1605 2413 Saepenumero
1623 2359 1738 2402 enim

361 2426 554 2468 nonnulli
574 2434 648 2466 aut
668 2439 718 2466 ex
740 2423 936 2480 collegis,
958 2432 1031 2464 aut
1048 2437 1100 2464 ex
1121 2423 1308 2479 privatis,
1330 2424 1516 2467 coitione
1535 2424 1646 2468 faeta
1665 2441 1740 2470 eos

361 2495 603 2538 exturbant.
664 2491 786 2533 Licet
814 2491 942 2532 etiam
964 2491 1003 2531 ei
1024 2500 1122 2533 ante
1152 2491 1545 2547 tempusabdicare
1574 2493 1616 2536 se
1645 2509 1735 2537 ma-

361 2563 550 2620 gistratu.
611 2560 720 2601 Haec
752 2558 885 2615 igitur
917 2557 1061 2599 omnia
1090 2559 1253 2614 praestat
1285 2558 1373 2600 fieri
1398 2559 1587 2617 exlege,
1607 2575 1737 2618 quam

359 2645 412 2671 ex
443 2628 668 2670 hominum
703 2626 948 2668 voluntate:
984 2639 1067 2666 non
1098 2626 1155 2667 est
1184 2626 1299 2667 enim
1330 2635 1421 2668 tuta
1451 2626 1543 2669 h'aec
1570 2629 1735 2686 regula.

359 2697 569 2740 Omnium
590 2703 732 2737 autem
754 2693 1037 2738 remediorum
1058 2692 1275 2749 peffimum
1297 2694 1353 2735 est
1371 2695 1634 2751 magistratus
1653 2696 1736 2739 hu-

350 2765 424 2822 jus
443 2763 679 2820 ampliflimi
700 2761 901 2812 vacuitas,
921 2761 1136 2818 totiusque
1154 2760 1399 2818 reipublicae
1425 2763 1551 2805 status
1568 2764 1736 2821 pertur-

284 2833 493 2893 74batio,
527 2845 655 2890 quarn
687 2829 972 2888 saepenumero
1000 2837 1196 2887 potentes
1229 2828 1456 2884 inducunt,
1488 2844 1589 2877 cum
1613 2831 1736 2890 judi„
