1898 3308
407 165 503 209 m:
549 150 978 210 REPUBLICA
1015 146 1122 207 v11.
1157 175 1224 206 11.
1425 162 1511 220 629

117 289 288 363 w
306 289 515 335 aedificata
534 304 546 333 ε
578 286 634 330 ad
654 285 919 330 munitiones
939 299 1041 328 vero
1065 285 1242 329 bellicas
1261 294 1306 329 et
1325 286 1380 329 ad
1399 285 1514 344 peri-

31 358 58 397 ’ἕ
117 340 337 482 &belli
353 354 642 416 Junpulsanda
669 353 881 399 contrario
911 353 1058 405 mod0,
1078 361 1124 396 et
1146 368 1235 412 quo
1254 354 1384 397 modo
1404 353 1511 401 aedi·

7 462 10 463 γ
162 421 172 436 ‘
254 434 304 471 nt
321 430 485 473 veteres
500 442 514 468 x
546 423 734 468 habebat
752 422 875 478 enim*
890 420 964 467 illa
984 420 1224 464 aedificandi
1243 421 1351 464 ratio
1371 423 1514 466 exitus

50 512 73 556 [gg
118 491 349 557 impeditos
368 493 571 547 externis,
598 501 644 536 et
675 492 861 536 latebras
880 491 934 534 ad
953 489 1228 535 scrutandum
1246 487 1441 534 difficiles
1460 491 1514 536 iis

30 572 70 618 ³2·
112 559 197 623 vqui
218 563 429 622 impetum
449 572 524 606 aut
544 561 858 620 impressionem
888 558 1028 603 facere
1056 567 1326 602 conarentur.
1389 559 1513 604 Qua-

116 639 292 693 propter
311 641 480 689 oportet
499 639 726 687 utramque
747 628 958 671 rationem
988 627 1032 669 in
1062 625 1315 669 aedificando
1335 625 1509 670 servari:

118 695 209 746 fleri
235 700 352 744 enim
388 700 473 744 hoc
507 700 655 757 potest,
680 698 705 740 si
734 696 832 754 quis
863 696 924 739 ita
953 695 1152 748 aedificet,
1173 703 1223 739 ut
1246 693 1443 743 imitetur
1462 710 1515 738 ea

28 779 44 830 ἦ,
117 783 216 827 que
235 768 452 828 appellant
481 766 677 813 nonnulli
708 765 752 808 in
784 766 911 810 rebus
935 763 1098 807 rusticis
1128 762 1277 806 vitium
1300 762 1413 823 juga
1432 764 1515 807 five

39 847 43 862 ⁵
117 836 507 896 systadaS,-perinde
526 851 576 880 aa
603 836 628 878 fi
659 834 777 878 dicas
806 834 960 878 vitium
990 832 1338 876 constitutiones:
1369 842 1416 876 et
1443 841 1513 876 to-

36 935 43 945 „
117 914 206 951 tam
227 905 402 965 quidem
434 906 584 951 urbem
606 905 667 949 ita
685 904 910 957 exstruere,
933 913 981 947 ut
1007 918 1091 945 non
1122 903 1171 946 fit
1199 910 1292 947 tota
1318 900 1417 946 latis
1437 901 1514 947 viis

115 973 327 1033 explicata
353 983 483 1033 atque
512 974 774 1031 exporre&a‚
797 973 866 1015 sed
900 972 946 1014 in
977 971 1231 1029 quibusdam
1252 971 1443 1029 partibus
1462 986 1512 1015 ac

116 1043 254 1087 loeis:
286 1044 341 1087 sic
376 1044 493 1087 enim
525 1053 570 1085 et
600 1057 625 1084 a
658 1041 848 1100 periculo
877 1041 959 1083 erit
988 1049 1083 1082 tuta
1110 1054 1160 1082 ac
1190 1039 1374 1092 munita,
1397 1047 1440 1082 et
1459 1040 1513 1083 ad

117 1121 317 1156 ornatum
355 1112 626 1171 speciemque
666 1109 881 1168 praeclara.
941 1110 1095 1152 Muros
1137 1119 1284 1154 autem
1334 1109 1514 1153 urbibus

117 1182 192 1241 qui
224 1192 387 1240 negant
418 1181 614 1224 civitates
642 1195 713 1222 eas
745 1180 902 1222 habere
931 1178 1101 1231 debere,
1128 1193 1226 1235 quae
1248 1178 1288 1220 se
1309 1177 1511 1222 virtutem

117 1250 256 1294 colere
282 1251 555 1309 profitentur,
575 1247 752 1307 ejusque
782 1246 1067 1304 possessionem
1097 1246 1171 1289 fibi
1203 1246 1435 1290 vendicant
1461 1263 1511 1290 ac

115 1319 334 1367 mordicus
353 1319 564 1366 retinent:
591 1333 665 1360 nae
683 1316 748 1360 illi
769 1315 891 1358 valde
910 1315 1086 1373 antique
1104 1315 1186 1358 hac
1214 1315 1269 1358 de
1296 1330 1341 1361 re
1371 1315 1511 1360 existi-

115 1397 252 1441 mant,
270 1387 404 1446 idque
431 1400 537 1433 cum
573 1386 744 1430 videant
776 1399 821 1428 re
852 1393 898 1427 et
927 1384 1052 1428 faffis
1077 1399 1149 1427 eas
1178 1383 1331 1437 refelli,
1351 1399 1449 1441 quae
1470 1385 1513 1429 se

112 1457 176 1504 ita
199 1458 383 1517 gloriose
413 1456 706 1503 venditabant.
766 1457 823 1498 Et
844 1469 943 1497 vero
964 1453 1159 1498 adversus
1180 1453 1348 1507 similes,
1370 1469 1512 1512 neque

114 1525 350 1573 unimodum
380 1541 560 1571 numero
594 1525 850 1583 praestantes,
891 1523 936 1565 in
974 1537 1195 1566 murorum
1234 1522 1424 1580 praesidio
1461 1539 1513 1566 ac

71 1587 74 1590 Δ
115 1595 392 1641 munimento
426 1595 603 1638 salutem
646 1593 872 1645 collocare,
910 1606 995 1635 non
1031 1593 1089 1634 est
1122 1591 1364 1658 honestum.
1426 1591 1513 1635 Sed

117 1665 293 1724 quando
312 1663 454 1708 evenit
472 1673 517 1706 et
537 1662 624 1707 fieri
645 1662 780 1720 potest
802 1670 850 1704 ut
872 1660 946 1718 qui
966 1659 1216 1703 adoriuntur
1235 1669 1277 1702 et
1299 1659 1511 1719 impetum

116 1732 284 1778 faciunt
314 1731 470 1784 virtute
502 1731 705 1783 humana,
738 1744 888 1787 eaque,
920 1744 1019 1786 quae
1055 1727 1098 1770 in
1130 1728 1298 1771 civibus
1333 1744 1513 1773 numero

118 1803 264 1862 paucis
283 1802 400 1855 inest,
421 1801 501 1844 sint
518 1800 753 1858 superiores
782 1813 831 1842 ac
861 1797 1148 1855 potentiores:
1182 1798 1207 1839 fi
1238 1797 1383 1843 salutis
1404 1799 1514 1842 ratio

115 1870 314 1916 habenda
344 1871 418 1923 est,
445 1878 490 1913 et
521 1884 606 1911 non
638 1867 752 1912 ultro
779 1865 1030 1924 accipienda
1058 1865 1328 1920 detrimenta,
1350 1875 1395 1910 et
1413 1882 1512 1925 per-

115 1939 304 1984 fierendae
334 1937 636 1982 contumeliae:
670 1946 718 1980 ut
748 1949 932 1994 quaeque
967 1934 1153 1980 munitio
1186 1934 1439 1978 stabiliffima
1469 1946 1514 1979 et

114 2008 322 2053 tutiffima
349 2009 434 2050 est:
466 2007 525 2051 ita
553 2004 749 2049 habenda
777 2004 834 2046 est
862 2003 915 2045 ad
943 2002 1105 2047 bellum
1125 2002 1510 2047 accommodatiffi-

114 2082 203 2132 ma,
219 2076 454 2137 praesertim
475 2090 576 2119 cum
597 2074 730 2118 hodie
748 2082 918 2130 reperta
937 2073 1015 2114 sint
1034 2071 1235 2126 telorum,
1256 2081 1300 2116 et
1319 2082 1512 2117 tormen-

114 2156 277 2200 torum,
297 2155 342 2189 et
361 2144 657 2189 machinarum
689 2157 850 2200 genera
877 2141 932 2184 ad
963 2141 1137 2184 urbium
1167 2141 1513 2200 oppugnationes

114 2213 432 2274 exquisitiffima
469 2222 512 2256 et
554 2211 864 2270 perfefflssima.
925 2209 1077 2252 Simile
1112 2210 1230 2252 enim
1270 2211 1344 2262 est,
1383 2212 1512 2255 urbes

114 2283 252 2343 muris
277 2297 364 2326 non
394 2282 477 2326 effe
507 2281 741 2339 cingendas
768 2279 955 2331 censere,
974 2288 1102 2335 atque
1125 2278 1150 2321 si
1172 2277 1270 2336 quis
1288 2278 1512 2337 regionem

0 2339 24 2370 '⁸
110 2360 276 2413 quaerat
289 2351 595 2396 incursionibus
615 2349 801 2392 hostium
819 2347 1045 2405 expositam
1063 2357 1193 2405 atque
1212 2357 1513 2404 opportunam,

0 2464 2 2467 .
113 2431 159 2467 et
177 2421 276 2466 loca
295 2421 490 2465 montosa
518 2418 801 2463 circumcidat
821 2435 831 2461 ι
865 2418 1058 2474 itemque
1086 2417 1316 2460 domiciliis
1336 2419 1513 2476 privatis

1 2480 21 2514 '⁹
80 2502 82 2507 ’
113 2491 298 2550 parietes
332 2505 420 2533 non
456 2488 696 2541 circundet,
738 2498 942 2544 tanquam
983 2486 1246 2529 habitatores
1284 2498 1511 2544 propterea
1526 2488 1628 2531 283

0 2553 37 2619 ᾖ,
112 2558 258 2618 ignavi
279 2558 358 2602 sint
377 2557 527 2601 futuri.
585 2558 681 2600 Jam
703 2570 803 2599 vero
830 2570 884 2598 ne
911 2555 996 2597 hoc
1026 2553 1199 2611 quidem
1219 2554 1510 2612 ignorandum

110 2627 170 2672 est
189 2627 257 2680 iis,
278 2641 462 2684 quorum
485 2626 611 2669 urbes
632 2625 848 2667 moenibus
878 2623 1004 2681 septae
1036 2623 1147 2674 sunt,
1170 2630 1353 2679 utroque
1379 2623 1511 2667 modo

112 2695 294 2743 urbibus
323 2694 387 2738 uti
416 2694 563 2746 licere,
583 2702 629 2736 et
649 2703 698 2736 ut
718 2706 866 2734 muros
893 2691 1167 2743 habentibus,
1190 2701 1234 2734 et
1254 2701 1303 2733 ut
1325 2705 1411 2733 non
1431 2691 1508 2734 ha-

112 2763 345 2809 bentibus:
377 2778 561 2822 quorum
597 2777 696 2805 vero
726 2760 906 2805 urbibus
941 2760 1054 2803 muri
1086 2775 1171 2803 non
1199 2761 1295 2803 sunt
1324 2760 1509 2804 circum-

110 2830 216 2887 dntij
236 2830 290 2877 iis
319 2831 406 2876 hoc
437 2830 554 2876 idem
581 2846 669 2875 non
696 2830 843 2874 licere.
904 2828 951 2872 Si
983 2827 1120 2887 igitur
1152 2828 1246 2871 haec
1275 2843 1372 2872 vera
1397 2829 1509 2883 sunt,

779 2911 894 2958 §⁵3
