1898 3308
472 205 559 258 490
659 205 661 209 ’
883 195 1394 249 ¹ARISTOTELIS

471 320 554 356 tos.
612 315 726 358 Bene
753 318 864 362 enirn
894 322 1065 380 quisque
1093 325 1353 383 magistratus
1364 325 1545 384 judicat,
1564 340 1591 369 a
1609 325 1821 383 legam-

469 379 597 423 ditus.
657 383 738 426 Sed
772 387 996 441 absurdum
1030 390 1191 435 fortasse
1221 393 1424 444 videatur,
1444 406 1687 451 quenquam
1711 388 1821 441 duo-

469 446 549 489 bus
567 449 702 492 oculis
722 453 886 496 acutius
911 455 1067 509 videre,
1086 467 1130 500 et
1150 458 1314 502 duabus
1333 459 1504 502 auribus
1522 459 1659 503 acrius
1675 458 1820 505 audire

456 513 739 572 judicantem,
767 529 812 562 et
839 522 989 565 melius
1019 538 1144 581 agere
1176 526 1342 584 duobus
1370 526 1547 582 pedibus
1577 524 1822 582 duabusque

467 583 663 626 manibus
699 585 919 640 nitentem,
959 604 1084 646 quam
1123 591 1281 634 multos
1321 592 1482 635 multis.
1540 593 1655 641 Nam
1677 591 1819 641 setiam

455 663 582 693 =nunc
600 652 823 710 principes,
844 656 917 712 qui
938 657 1011 700 soli
1030 658 1252 715 imperant,
1273 674 1381 716 quos
1407 659 1655 704 monarchos
1673 658 1817 716 appel-

464 717 555 761 lant
591 721 747 772 Graeci,
779 724 883 766 dant
910 739 1080 782 operam
1113 736 1162 769 ut
1191 727 1347 770 multos
1375 727 1558 773 habeant
1585 723 1819 778 opules29t

464 786 622 828 multas
648 803 783 842 aures,
804 800 848 832 et
877 792 1032 834 multas
1061 808 1226 844 manus,
1247 802 1291 836 et
1321 794 1477 837 multos
1505 793 1647 851 pedqs.
1663 825 1677 830 .,
1701 793 1815 839 Nam

461 853 534 908 qui
555 868 700 897 eorum
720 855 897 913 imperio
924 868 967 901 et
996 859 1046 901 iis
1077 860 1170 902 sunt
1190 861 1330 914 amici,
1352 861 1430 903 hos
1448 856 1616 918 imperii
1631 857 1816 916 collegas

459 918 636 966 faciunt.
695 924 739 966 Si
760 925 891 982 igitur
918 926 1043 969 amici
1073 942 1156 969 non
1183 928 1275 982 fim,
1296 944 1382 971 non
1402 938 1527 972 erunt
1544 941 1691 975 eorum
1707 925 1819 971 fusti

459 990 677 1033 monarchi
713 993 883 1035 confilio
917 994 1223 1037 consentanea:
1256 995 1282 1037 fi
1315 995 1456 1048 amici,
1490 993 1815 1052 eruntet-ejus

457 1054 638 1112 imperio
656 1059 796 1102 amici.
855 1061 1033 1103 Amicus
1058 1070 1200 1118 autem
1219 1078 1292 1120 par
1310 1071 1354 1106 et
1373 1063 1516 1106 fimilis
1533 1064 1625 1108 'est.—
1652 1063 1815 1110 .Quiu·e0

459 1123 485 1164 fi
517 1122 596 1166 hos
629 1125 831 1182 imperare
863 1136 983 1184 putat
1014 1137 1220 1185 oportere,
1242 1143 1359 1185 pares
1387 1138 1432 1173 et
1458 1128 1813 1179 fimilesfimiliter

455 1188 660 1247 imperare
694 1202 813 1250 putat
849 1204 1053 1251 oportere.
1113 1196 1225 1255 Quae
1261 1196 1392 1254 igitur
1428 1197 1600 1254 quidam
1631 1196 1689 1240 ab
1719 1195 1814 1241 alii}

455 1254 737 1302 diffentientes
757 1269 903 1303 contra
921 1276 1100 1319 regnum
1119 1262 1345 1319 disputant,
1366 1263 1458 1307 haec
1475 1263 1565 1314 fere
1580 1263 1690 1308 sunt.

990 1408 1273 1435 *-
1285 1416 1287 1419 ι

959 1531 998 1575 C
1012 1532 1052 1574 A
1070 1533 1114 1575 P.
1157 1534 1304 1575 XVII.

451 1644 522 1685 Ex
525 1644 608 1700 sua
613 1644 814 1702 sententia
833 1646 881 1687 de
895 1645 1028 1702 Regno
1042 1646 1157 1703 pleno
1179 1646 1280 1687 inter
1309 1645 1427 1687 bonas
1451 1625 1695 1704 Rqspublieas
1712 1663 1801 1698 ccm-

788 1714 1025 1756 numerando
1044 1713 1285 1772 quaestionem
1304 1713 1461 1757 decidit.
1530 1768 1532 1770 v

335 1809 432 1852 128
503 1802 613 1843 SED
632 1800 817 1844 fortaffis-
836 1801 928 1844 haec
959 1802 1004 1844 in
1031 1802 1247 1856 ‘nonnullis
1275 1817 1374 1845 vera
1399 1803 1510 1856 suut,
1528 1801 1572 1846 in
1599 1802 1805 1846 aliis-non

445 1868 582 1912 item..
624 1871 690 1911 Est
719 1870 832 1912 enim
867 1869 1038 1927 aliquod
1075 1885 1211 1927 genus
1246 1870 1468 1914 hominum
1496 1871 1550 1914 ad
1578 1864 1803 1929 imperium

441 1936 573 1979 herile
594 1937 811 1979 ferendum
837 1946 983 1994 aptum
1014 1947 1177 1989 natura,
1197 1937 1311 1979 aliud
1330 1938 1384 1980 ad
1403 1937 1584 1995 regium,
1604 1937 1802 1995 aliudque

439 2004 493 2045 ad
529 2004 696 2046 civilem
728 2004 999 2046 societatem:
1031 2014 1076 2047 et
1106 2005 1258 2062 cuique
1293 2005 1446 2050 horum
1477 2004 1594 2048 aliud
1626 2006 1683 2048 est
1705 2005 1796 2063 jus,

438 2071 638 2128 aliudque
669 2071 785 2113 utile.
842 2071 1127 2128 Tyrannicum
1156 2081 1300 2114 autem
1320 2086 1404 2113 non
1425 2073 1483 2114 est
1504 2080 1664 2118 naturoe
1680 2087 1797 2116 tcon-

437 2136 699 2190 senta'neum,
721 2153 858 2195 neque
888 2138 973 2180 ulla
999 2138 1175 2181 aliarum
1203 2137 1442 2195 reipublicae
1463 2137 1798 2187 administrandae

438 2204 683 2258 formarum,
721 2221 816 2263 quae
851 2220 876 2247 a
912 2205 1026 2247 resto
1063 2206 1336 2248 deflexerunt.
1394 2207 1504 2250 Haec
1541 2206 1656 2249 enim
1691 2207 1798 2250 fiunt

437 2281 589 2328 praeter
613 2281 822 2314 naturam.
881 2273 1042 2315 Verum
1075 2287 1127 2315 ex
1157 2273 1209 2315 iis
1241 2287 1334 2329 quae
1364 2272 1478 2315 dieza
1505 2272 1615 2326 sunt,
1642 2274 1797 2330 perspi·-

437 2355 568 2383 cuum
587 2341 658 2393 est,
677 2340 788 2382 inter
808 2340 956 2382 fimiles
976 2349 1019 2382 et
1039 2340 1220 2397 aequales
1249 2355 1385 2398 neque
1412 2338 1517 2382 utile
1546 2339 1627 2383 effe
1657 2355 1797 2398 neque

425 2407 602 2465 justum,
624 2423 750 2464 penes
769 2422 901 2450 unum
923 2407 1000 2449 effe
1019 2407 1212 2449 omnium
1232 2406 1410 2450 aliorum
1438 2407 1698 2464 potestatem,
1719 2412 1813 2450 ne·'

435 2490 520 2532 que
549 2475 574 2517 fi
607 2490 689 2517 non
724 2475 800 2517 fint
832 2475 966 2532 leges,
986 2474 1055 2517 sed
1088 2475 1173 2531 ipse
1204 2474 1252 2516 fit
1279 2484 1480 2531 tanquam
1502 2474 1587 2527 lex,
1608 2489 1746 2532 neque
1765 2475 1792 2517 fi

435 2543 512 2584 fint
543 2543 690 2599 leges:
723 2556 859 2598 neque
890 2556 1018 2599 penes
1045 2556 1179 2584 unum
1213 2541 1348 2584 virum
1376 2542 1536 2584 bonum
1563 2541 1791 2595 bonorum,

434 2623 572 2666 neque
605 2624 734 2666 penes
766 2624 902 2651 unum
936 2623 1019 2650 non
1050 2609 1211 2650 bonum
1239 2623 1327 2651 non
1355 2608 1582 2660 bonorum,
1607 2622 1746 2665 neque
1765 2609 1792 2651 fi

432 2677 587 2719 virtute
617 2677 780 2719 caeteris
813 2676 989 2733 praestet,
1020 2675 1092 2717 nifi
1129 2684 1246 2718 certo
1275 2674 1459 2732 quodam
1477 2673 1622 2718 modo.
1658 2674 1793 2727 ‘Quis

431 2753 575 2786 autem
608 2743 655 2786 fit
689 2743 760 2786 hic
798 2743 966 2796 modus,
1001 2743 1297 2800 exponendum
1327 2743 1414 2785 est:
1445 2757 1689 2801 quanquam
1723 2743 1791 2786 di-

433 2811 550 2858 &um
584 2813 639 2854 est
672 2810 987 2871 quodammodo
1012 2810 1105 2869 jam
1139 2825 1165 2856 a
1196 2810 1320 2856 nobis
1351 2810 1478 2859 etiam
1512 2818 1650 2865 antea.
1706 2810 1792 2858 sed
1870 2809 1873 2811 ’
