1898 3308
392 132 477 190 696
728 192 730 196 ‚
827 133 1326 213 ARISTOTELIS

390 224 742 308 contribuiffent,
749 253 867 313 juffit
898 255 1015 299 illam
1048 272 1220 316 quoque
1253 258 1457 300 summam
1495 263 1649 301 mutuo
1674 254 1762 305 fibi

388 320 479 364 dari
497 321 549 365 ad
571 331 753 380 tempuS,
773 321 902 381 idque
924 320 1168 382 praefinivit,
1189 339 1275 382 quo
1294 339 1343 368 ea
1363 323 1544 382 pecunia
1570 323 1759 379 restitue·

389 395 519 431 retur.
579 388 755 432 Rursum
785 391 977 448 pecuniae
1005 406 1152 448 egens,
1177 391 1440 434 contribuere
1469 406 1542 434 eos
1561 390 1695 456 juffit',
1715 397 1762 435 et

389 469 443 498 ex
463 455 759 515 vectigalibus,
789 457 904 516 quod
933 457 1152 509 dedissent,
1174 458 1374 516 recipere.
1432 458 1517 512 Illi,
1540 458 1615 518 qui
1644 452 1759 502 cele·

387 522 489 566 riter
507 524 547 567 se
567 534 806 586 recepturos
827 525 1048 581 sperarent,
1070 525 1405 568 contribuerunt.
1455 519 1637 585 Jamque
1657 526 1759 570 ade-

388 600 454 635 rat
485 601 651 650 tempus
684 601 733 635 ut
767 593 990 650 vectigalia
1022 592 1362 650 perciperentur:
1397 602 1442 636 at
1474 595 1655 639 Memno
1687 594 1760 639 fibi

388 662 570 719 pecunia
599 670 700 704 tunc
722 674 893 718 quoque
921 675 1026 718 opus
1055 660 1135 703 effe
1164 661 1359 713 ostendit,
1381 662 1503 719 seque
1524 659 1660 720 Postea
1679 662 1761 716 effe

387 738 560 787 accepta
577 728 842 771 redditurum
863 743 962 770 cum
982 727 1156 772 foenore.
1216 729 1340 773 Quos
1359 730 1402 772 in
1421 729 1610 785 exercitu
1629 719 1761 773 etiam

385 795 587 850 habebat,
624 796 676 838 iis
715 795 899 838 detraxit
930 795 1192 839 frumentum
1228 806 1273 839 et
1308 796 1556 854 stipendium
1594 795 1760 854 dierum

385 863 470 917 sex,
493 879 565 921 per
592 878 764 905 annum.
826 861 1045 905 Pollicitus
1076 863 1127 905 iis
1157 863 1309 906 diebus
1338 864 1447 922 ipsos
1478 878 1616 923 neque
1645 862 1759 925 vigi-

386 931 463 973 lias
486 946 622 989 neque
644 931 793 974 itinera
811 931 1020 983 obituros,
1041 945 1180 988 neque
1199 931 1482 988 insumpturos
1509 931 1758 990 quicquam,

272 994 372 1057 367
388 999 588 1042 nimirum
623 1000 830 1058 exemptis
863 999 962 1043 illis.
1021 999 1242 1057 Superiore
1270 1007 1461 1057 tempore
1489 1001 1635 1051 etiam,
1657 1013 1759 1043 cum

387 1068 609 1111 metiretur
638 1068 898 1111 frumentum
932 1067 1157 1121 militibus,
1183 1066 1364 1111 secunda
1391 1068 1480 1125 post
1509 1070 1662 1133 novam
1688 1067 1759 1128 ¹¹¹7·

384 1152 484 1180 nam
503 1138 587 1191 die,
610 1138 747 1196 primo
767 1137 938 1196 quidem
960 1138 1032 1180 ille
1053 1138 1193 1180 mense
1212 1136 1302 1179 dies
1322 1136 1539 1195 praeteriit,
1561 1134 1760 1195 sequente

382 1221 481 1248 vero
501 1206 706 1264 quinque,
727 1215 772 1249 et
792 1206 874 1248 hoc
894 1205 1023 1248 modo
1037 1206 1231 1263 proceffit
1247 1206 1383 1250 donec
1402 1205 1455 1249 ad
1475 1204 1651 1273 triginta
1664 1219 1761 1267 per-

383 1275 1643 1318 veniret..

440 1340 725 1384 Charidemus
746 1339 882 1393 Orita,
911 1347 1059 1382 tenens
1086 1339 1181 1382 loca
1209 1338 1406 1396 quaedam
1426 1337 1638 1393 AEolidos‚
1657 1353 1758 1383 cum

381 1409 617 1452 exercitum
646 1416 795 1451 contra
825 1408 866 1450 se
894 1407 1124 1450 adduceret
1153 1406 1430 1458 Artabaffus,
1440 1407 1623 1464 pecunia
1649 1404 1756 1450 defi-

381 1478 588 1528 ciebatur,
615 1491 711 1534 quae
738 1475 949 1517 militibus
981 1482 1282 1521 numeraretur.
1340 1474 1407 1516 Ac
1436 1474 1623 1531 primum
1651 1477 1758 1518 con-

382 1546 626 1590 tribuebant
657 1543 866 1586 nonnihil.
925 1543 1032 1585 Mox
1065 1557 1148 1584 non
1181 1542 1335 1584 habere
1354 1541 1395 1584 se
1415 1539 1643 1599 quicquam
1665 1556 1757 1586 am-

381 1615 492 1674 plius
512 1615 695 1657 aiebant.
750 1615 811 1657 At
834 1613 1129 1666 Charidemus,
1150 1627 1277 1669 quem
1297 1611 1438 1660 locum
1467 1611 1547 1654 effe
1576 1613 1757 1674 opulen-

381 1685 582 1728 tiffimum
617 1683 911 1734 arbitrabatur,
943 1697 995 1724 ex
1024 1696 1076 1724 eo
1099 1674 1216 1740 juffit
1245 1680 1419 1733 incolas,
1441 1681 1467 1723 fi
1498 1679 1600 1738 quid
1625 1683 1757 1742 ⁴n'um-

381 1768 550 1796 morum
572 1753 790 1803 haberent,
812 1759 886 1792 aut
906 1750 931 1792 fi
954 1765 1037 1807 qua
1064 1749 1156 1791 vasa
1188 1749 1381 1806 pretiosa,
1414 1749 1511 1791 alio*
1527 1743 1756 1808 ablegare:

381 1820 711 1878 additurumque
741 1819 783 1861 se
815 1818 894 1860 effe
930 1817 1195 1860 dedu&ores.
1256 1816 1481 1874 Ipsumque
1513 1816 1597 1860 hoc
1630 1815 1758 1882 agere

381 1898 471 1932 erat
510 1888 807 1931 manifestums
854 1889 1005 1943 Itaque
1050 1885 1133 1927 illis
1183 1885 1308 1927 fidem
1357 1885 1629 1940 habentibus,
1670 1885 1757 1943 nen

379 1961 511 2015 longe
538 1956 714 2000 <acinetos
743 1964 860 1997 extra
887 1954 1037 1996 urbem
1070 1953 1256 2006 excuffit,
1284 1953 1310 1994 fi
1340 1952 1443 2009 quid
1469 1952 1690 2010 haberent,
1712 1950 1758 1998 et

379 2039 508 2082 quam
541 2023 688 2066 multis
722 2036 830 2080 opus
861 2031 964 2072 erat,
993 2036 1042 2064 ea
1071 2021 1254 2073 abstulit,
1279 2021 1470 2078 ipsosque
1499 2021 1682 2077 eundem
1710 2022 1755 2065 in

379 2094 524 2137 locum
554 2091 737 2136 reduxit.
797 2092 872 2133 Per
902 2105 1139 2147 praeconem
1169 2089 1296 2131 etiam
1327 2089 1497 2131 edixitz·
1516 2082 1686 2147 Nequis
1711 2090 1755 2132 in

379 2162 467 2206 ulla
494 2163 614 2213 urbe,
646 2161 728 2203 suae
755 2159 907 2202 ditioni
926 2159 1126 2216 subjecta,
1154 2172 1269 2199 arma
1299 2157 1476 2200 haberet
1497 2157 1614 2199 domi
1636 2156 1752 2201 suae':

355 2255 358 2258 ⁴
379 2231 542 2289 quique
562 2229 782 2281 habuisset,
810 2242 909 2270 eum
938 2234 1164 2284 argentum
1194 2226 1350 2268 debere
1369 2218 1755 2284 persolverequjus

380 2298 545 2339 summa
564 2295 646 2338 fuit
671 2293 955 2352 pronuntiata.
1017 2292 1102 2334 Sed
1131 2291 1265 2334 statim
1297 2291 1516 2350 negligere
1543 2291 1645 2349 ipse,
1675 2307 1754 2335 ne-

380 2380 464 2424 que
484 2364 717 2421 respectum
753 2361 807 2404 ad
840 2361 934 2403 haec
967 2361 1137 2403 habere.
1197 2359 1267 2402 Illi
1295 2374 1392 2401 vero
1422 2358 1618 2402 homines
1640 2355 1751 2418 praess

380 2433 552 2477 conium
586 2431 694 2475 istud
725 2438 884 2473 temere
912 2429 1071 2472 saetam
1099 2429 1179 2470 effe
1207 2427 1300 2480 rati,
1331 2427 1570 2470 retinebant
1587 2443 1638 2475 ea
1655 2444 1752 2486 quae

381 2501 497 2558 prius
525 2499 701 2557 quisque
730 2497 936 2540 habuerat
964 2495 1062 2538 loco
1090 2495 1191 2538 suo:
1222 2503 1266 2537 at
1295 2494 1576 2538 Charidemus
1595 2494 1678 2538 de
1667 2511 1751 2539 im-

378 2567 538 2624 proviso
558 2566 730 2610 excuffis
751 2564 966 2616 domibus,
987 2562 1129 2615 abiis,
1150 2562 1263 2619 apud
1292 2577 1401 2620 quos
1432 2577 1646 2606 armorum
1668 2562 1751 2606 ali-

379 2636 483 2694 quid
502 2634 725 2692 reperiffet,
746 2632 926 2676 multam
947 2631 1213 2674 constitutam
1232 2630 1390 2688 exegit.

438 2704 693 2746 Philoxenus
712 2700 917 2759 quispiam
937 2698 1122 2742 Macedo
1138 2698 1346 2755 satrapes*
1334 2713 1379 2740 111
1399 2696 1568 2751 Caria,
1555 2713 1600 2739 m
1619 2712 1752 2756 pecu-

366 2770 465 2815 'niae
495 2770 654 2828 inopia,
686 2767 867 2812 ostendit
894 2767 937 2811 se
967 2766 1171 2825 Dionysia
1201 2765 1511 2809 celebraturum
1539 2765 1636 2810 effe.
1694 2768 1752 2810 Et
