1898 3308
453 195 548 239 DE
590 195 1024 240 REPUBLICA
1070 197 1153 240 VI.
1185 207 1229 252 7.
1456 208 1539 257 597

146 320 406 375 murare.
465 318 656 376 Oportet
684 325 847 372 autem,
869 332 971 361 cum
1003 326 1108 361 aetas
1139 333 1226 361 non
1260 320 1308 362 fit
1338 320 1540 378 fimplex:

146 381 281 429 Uin
301 385 466 445 aliquot
495 395 634 444 partes
655 386 801 440 divisa,
823 386 980 443 aliique
1013 386 1093 429 smt
1124 395 1250 430 aetate
1275 389 1540 446 grandiores,

144 450 226 495 aliiv
239 451 441 515 juveneS,
461 463 603 513 patres
627 455 790 498 interea
818 454 922 497 dum
954 454 1190 497 etiamnum
1220 454 1319 498 sunt
1340 455 1540 513 juvenes,

144 529 192 564 et
210 520 371 566 viribus
390 522 586 582 integris,
608 524 719 567 filios
738 523 834 566 suos
854 523 910 568 ad
936 523 1052 566 leves
1071 531 1116 565 et
1135 523 1354 580 expeditas
1373 538 1542 583 pugnas

93 631 97 633 ,
142 588 346 637 erudireae
377 592 646 650 posteaquam
679 601 824 635 autem
855 591 902 634 hi
931 606 956 635 e
987 591 1130 649 pueris
1160 591 1421 644 excesserint,
1444 601 1540 636 tum

142 655 255 715 ipsos
283 659 366 702 effe
394 660 649 704 militarium
682 675 859 718 operum
881 660 1056 718 opifices
1076 669 1120 703 et
1143 659 1340 704 athletas.
1402 661 1538 704 Com-

140 726 354 771 municari
372 737 517 772 autem
539 744 640 772 cum
660 729 941 772 multitudine
961 728 1212 786 reipublicae
1232 728 1540 774 administratio

141 793 289 850 debet,
313 805 388 840 aut
410 797 793 856 (quemadmodum
823 808 947 840 antea
977 797 1142 840 dictum
1167 798 1241 851 est)
1268 812 1368 841 cum
1390 797 1443 840 iis
1461 800 1539 855 qui

140 862 254 905 censi
283 863 410 908 sunt:
441 874 532 917 aut,
554 881 642 924 quo
672 866 806 909 modo
834 865 1034 908 Thebani
1063 865 1243 919 faciunt,
1266 880 1366 909 cum
1389 865 1441 908 iis
1462 867 1539 924 qui

142 928 409 989 aliquamdiu
439 933 481 975 se
504 933 564 990 ¹ab
599 933 879 976 illiberalibus
905 933 1070 976 artibus
1095 934 1414 994 abstinueruntz
1446 943 1537 987 aut,

138 998 508 1056 quemadmodum
539 1001 588 1044 fit
614 1002 828 1056 Maffiliae,
849 1001 1020 1060 judicio
1039 1001 1153 1045 fafito
1172 1002 1226 1044 de
1247 1001 1299 1045 iis
1319 1001 1394 1060 qui
1414 1001 1539 1060 digni

141 1067 269 1112 sunt:
300 1077 397 1113 tum
429 1085 483 1114 ex
515 1083 665 1114 eorum
702 1064 882 1114 numero
915 1071 991 1129 qui
1022 1071 1066 1113 in
1099 1070 1322 1128 republica
1350 1070 1538 1113 admini-

131 1135 304 1187 stranda.
321 1140 550 1193 versantur,
571 1148 666 1184 tum
693 1155 746 1183 ex
775 1140 827 1182 iis
856 1140 930 1197 qui
961 1155 985 1182 a
1015 1139 1264 1197 reipublicae
1285 1140 1538 1183 muneribus
1583 1146 1589 1149 '

138 1204 294 1251 exclusi
342 1207 454 1252 sunt.
522 1210 730 1252 Praeterea
777 1208 1094 1267 magistratibus
1138 1208 1208 1261 iis,
1247 1223 1378 1266 penes
1426 1224 1538 1267 quos

131 1275 423 1323 ⁷maximarum
452 1292 593 1320 rerum
625 1278 683 1319 est
713 1278 908 1334 potestas,
929 1277 1120 1334 quosque
1138 1291 1298 1334 *gerere
1322 1277 1485 1320 debent
1505 1278 1537 1321 ii

128 1341 214 1400 ,qui
233 1343 279 1408 in
298 1345 520 1403 republica
538 1345 767 1397 versantur,
788 1345 994 1403 impolitae
1024 1344 1106 1388 effe
1129 1345 1291 1396 debent
1312 1346 1536 1404 sumptuo-

139 1411 285 1455 forum·
314 1428 543 1457 munerum
580 1411 856 1456 funEtiones:
900 1421 949 1456 ut
982 1413 1167 1471 populus
1202 1413 1276 1456 sua
1310 1414 1459 1472 sponte
1492 1423 1538 1458 et

134 1479 309 1534 libenti⁴
328 1481 475 1526 animo
507 1481 759 1540 reipublicae
794 1481 1164 1525 administrationis
1197 1483 1245 1524 sit
1278 1497 1458 1541 expers:
1491 1492 1538 1527 et

136 1548 209 1603 iis,
228 1550 306 1609 qui
325 1551 591 1610 magistratus
615 1561 788 1609 gerunt,
810 1551 1019 1610 ignoscat,
1039 1560 1243 1609 tanquam
1273 1552 1443 1610 imperii
1471 1553 1536 1596 sui

137 1631 342 1676 magnam
371 1620 616 1663 mercedem
645 1620 898 1677 persolvant.
958 1620 1173 1663 Convenit
1203 1630 1348 1664 autem
1369 1630 1414 1664 et
1432 1637 1535 1666 cum

135 1685 292 1730 ineunt
319 1688 603 1746 magistratus,
625 1688 827 1732 sacrificia
855 1688 1086 1746 magnifica
1112 1688 1267 1742 facere,
1289 1699 1335 1732 et
1359 1689 1404 1732 in
1425 1705 1535 1749 opus

137 1753 312 1814 aliquod
345 1756 567 1814 publicum
602 1756 918 1810 aedificandum,
949 1757 1175 1815 pecuniam
1209 1758 1449 1802 insumere:
1481 1768 1535 1804 ut

135 1824 321 1882 populus
354 1824 494 1883 epulis
528 1824 615 1867 illis
647 1825 830 1882 opiparis
863 1834 1080 1883 acceptus,
1112 1834 1158 1868 et
1190 1827 1341 1870 urbem
1376 1828 1531 1885 partim

136 1890 283 1935 statuis
314 1907 366 1936 ac
397 1892 588 1950 templis,
622 1893 776 1950 partim
812 1893 1023 1950 praeclaris
1056 1894 1249 1937 aedificiis
1282 1905 1532 1940 exornatam

135 1959 357 2018 aspiciens,
387 1961 638 2019 reipublicae
670 1961 1010 2005 administrandae
1039 1961 1221 2005 formam
1253 1963 1436 2007 libenter
1464 1965 1531 2009 vi-

134 2027 236 2072 deat
255 2029 431 2073 stantem
455 2044 505 2072 ac
534 2039 874 2087 permanentem.
935 2032 1037 2073 Huc
1056 2031 1240 2084 accedit,
1260 2032 1379 2089 quod
1401 2033 1528 2076 nobi-

133 2096 252 2140 libus
280 2098 370 2140 suae
397 2097 597 2156 impensae
626 2100 849 2142 exstabunt
875 2109 1173 2144 monumenta.
1234 2102 1399 2145 Verum
1429 2112 1526 2147 tan-

133 2171 231 2208 tum
250 2166 366 2210 abest
391 2176 442 2210 ut
466 2167 499 2209 ii
530 2168 605 2225 qui
632 2167 890 2226 oligarchias
921 2157 1136 2222 obtinent,
1169 2171 1253 2213 hoc
1282 2170 1455 2226 faciant,
1477 2181 1530 2217 ut

132 2233 265 2278 etiam
293 2235 514 2278 contrariis
549 2237 695 2280 studiis
724 2237 930 2295 fastisque
960 2238 1240 2283 delefitentur.
1303 2241 1526 2287 Quaestum

131 2302 252 2345 enim
271 2312 316 2346 et
334 2303 677 2349 emolumentum
705 2307 1002 2350 confestatur
1022 2323 1107 2350 non
1130 2309 1272 2351 minus
1291 2325 1423 2366 quam
1444 2312 1526 2355 ho-

133 2384 283 2414 norem
302 2386 352 2414 ac
372 2370 646 2430 dignitatem.
693 2375 965 2433 Quapropter
982 2391 1058 2434 par
1076 2378 1132 2419 est
1152 2376 1229 2420 has
1247 2378 1525 2437 oligarchias,

131 2453 280 2498 parvas
299 2440 581 2485 democratias
600 2443 824 2500 appellare.
886 2445 1124 2489 Quomodo
1144 2446 1279 2505 igitur
1297 2448 1523 2492 democra-

130 2507 207 2551 tiae
225 2516 272 2552 et
289 2508 540 2568 eligatchiae
567 2510 873 2557 constituendae
904 2513 999 2569 fint,
1022 2514 1081 2558 ita
1100 2514 1147 2558 fit
1167 2529 1193 2559 a
1212 2515 1338 2560 nobis
1365 2516 1520 2562 defini.

59 2573 63 2578 “
133 2584 230 2622 tum
249 2587 380 2638 atque
399 2579 679 2639 explicatum.

764 2867 885 2914 0113
