1898 3308
438 169 526 224 446
760 202 762 205 -
814 188 816 194 ⁴
875 172 1379 220 ARISTOTE‘LIS

439 288 534 332 sane
555 289 683 334 modo
703 293 983 352 unusquisque
1001 311 1054 339 ex
1073 297 1238 341 blandis
1267 297 1414 356 populi
1442 297 1707 354 ductoribus,
1725 302 1803 359 po-

438 355 530 412 puli
551 356 804 414 majestatem
824 375 999 420 augens,
1024 363 1083 406 ,ad
1112 379 1209 407 eum
1245 364 1319 422 q'ui
1350 379 1463 408 nunc
1492 366 1564 420 est,
1593 365 1805 426 popularis

437 425 642 479 potentiae
677 426 827 487 statum
862 430 1072 485 promovit
1100 446 1150 474 ac
1179 431 1384 489 provexit.
1444 433 1627 487 Videtur
1658 442 1805 479 autem

437 492 520 536 hoc
552 509 635 537 non
664 507 722 540 ex·
748 498 922 542 confilio
951 499 1119 544 SOlonis
1149 509 1300 544 natum
1322 501 1418 553 esse,
1439 502 1509 546 sed
1532 502 1680 561 'potius
1708 504 1804 548 ca'su

435 563 628 607 evenisse.
687 566 799 614 Nam
822 565 937 624 quod
956 569 1140 627 populus
1168 568 1335 627 imperii
1365 580 1410 614 et
1438 567 1805 621 νίἃόήῧὶἰᾰὴὶἰε

435 631 557 675 causa
576 633 689 676 bello
711 635 871 678 Perfico
896 635 1049 688 fuisset,
1070 637 1248 696 majores
1272 636 1409 681 solito
1425 635 1803 699 spiritwstmspfit,

435 705 482 740 et
511 698 692 745 blandos
728 711 928 755 oratores,
962 704 1072 761 quafi
1110 704 1307 748 ductores
1339 719 1389 748 ac
1421 700 1806 764 magistroeffl'nebic

435 766 652 824 improbos
669 783 720 812 ac
740 771 1021 824 turbulentos,
1043 787 1117 829 pro
1138 773 1262 816 bonis
1289 782 1333 815 et
1363 771 1808 820 moderaaisadfflnie

435 835 692 880 stratoribus.
751 839 863 880 Nam
886 838 1014 882 Solon
1036 840 1208 896 quidem
1231 841 1414 883 maxime
1437 838 1803 898 necessaffimipo·

432 903 537 960 pulo
562 906 805 960 potestatem
827 907 1011 950 tribuere
1040 904 1208 951 videtur
1236 909 1557 966 magistratuum
1570 905 1808 967 caligando-

433 984 543 1023 rum,
565 979 609 1013 et
629 972 838 1015 rationum
860 975 913 1017 ab
933 975 996 1018 eis
1014 975 1374 1032 reposcendamm.
1404 974 1407 981 '
1433 975 1480 1019 Si
1507 972 1703 1020 enim‘ii'e‘
1715 976 1802 1024 ἰηι-
1852 996 1855 999 ·

426 1035 502 1094 jus
533 1038 706 1095 quidem
738 1041 799 1084 rei
831 1044 1007 1099 potestas
1040 1043 1086 1085 fit
1113 1058 1242 1101 penes
1276 1043 1807 1103 populum,‘proeterk1uam‘

431 1106 549 1163 quod
570 1107 709 1151 servus
729 1110 790 1161 fit,
811 1110 939 1153 etiam
960 1111 1087 1153 hostis
1111 1112 1174 1154 fit.
1231 1111 1504 1170 Magistratus
1525 1111 1690 1158 cam
1705 1123 1804 1156 ama

432 1189 508 1216 nes
538 1189 590 1218 ex
620 1175 847 1220 illustribus
877 1186 921 1220 et
950 1179 1237 1236 locupletibus
1267 1178 1431 1222 civibus
1457 1178 1629 1232 creavit,
1647 1177 1803 1238 nem‘pe

431 1256 485 1285 ex
514 1243 566 1286 iis
599 1244 684 1301 qui
706 1245 943 1304 quingenta
974 1247 1189 1289 medimna
1221 1246 1459 1304 quotannis*
1487 1261 1549 1290 ex·
1572 1246 1802 1306 agrisasuis

430 1300 707 1368 perciperent,
729 1321 773 1355 et
791 1328 844 1356 ex
864 1314 915 1356 iis
936 1314 1010 1372 qui
1032 1314 1144 1372 jugo
1164 1315 1315 1373 astri&i
1336 1316 1487 1367 effent,
1504 1315 1578 1373 qni
1598 1314 1803 1375 zeugitae

428 1378 644 1432 dicuntur,
665 1389 708 1423 et
725 1396 778 1425 ex
795 1382 969 1439 equestri
988 1382 1152 1435 ordine,
1181 1383 1257 1440 qui
1288 1383 1401 1426 tertii
1434 1384 1582 1429 census
1599 1381 1801 1427 &tami-tiae

428 1444 562 1489 elaffis
600 1449 672 1491 est.
732 1449 911 1492 Quartae
948 1459 1091 1493 autem
1130 1451 1260 1493 claffis
1298 1451 1428 1504 cives,
1467 1452 1733 1502 mercenarii:
1755 1461 1800 1496 et

427 1516 606 1572 operarii
650 1517 761 1569 sunt,
800 1517 959 1560 nullius
1006 1518 1270 1576 magistratus
1317 1519 1568 1576 participem*
1610 1521 1799 1564 'Latoms

347 1591 415 1634 80
428 1598 555 1641 porro
575 1585 722 1643 legum
744 1584 915 1628 fuerunt
935 1585 1146 1629 Zaleucus
1167 1586 1312 1629 Locris
1341 1586 1397 1630 ad
1418 1585 1696 1631 Occidentem
1724 1585 1797 1632 ‘'in-

426 1652 685 1706 colentibus,
706 1668 814 1710 quos
844 1653 1155 1711 Epizephyrios
1181 1654 1394 1711 appellant
1415 1655 1583 1699 Graecia
1613 1664 1658 1701 et
1668 1653 1796 1700 seha-

424 1720 579 1763 rondas
600 1721 813 1763 Cataneus
842 1721 924 1764 suis
952 1721 1114 1764 civibus
1145 1731 1189 1764 et
1218 1721 1312 1764 aliis
1342 1719 1802 1782 Chalcidicis'circum‘

425 1787 590 1830 Italiam
623 1798 667 1831 et
700 1789 888 1832 Siciliam
919 1789 1176 1833 civitatibus.
1214 1792 1460 1842 ,Conantur
1477 1805 1600 1848 porro
1620 1788 1793 1850 quidem

423 1855 553 1898 etiam
576 1857 903 1901 Onomacritum
928 1857 1113 1915 primum
1142 1857 1260 1900 fuiffe
1293 1857 1336 1900 in
1367 1857 1536 1916 legibus
1566 1858 1796 1903 scribendis
1838 1879 1842 1883 ·

422 1924 622 1967 callidum
643 1940 693 1968 ac
713 1925 907 1968 solertem
937 1925 1083 1968 multis
1113 1925 1376 1983 argumentis
1401 1926 1592 1973 collectis
1611 1926 1792 1976 demon-

422 1994 544 2036 strare
563 2010 574 2035 z
606 2009 705 2036 eum
725 2002 867 2036 autem
888 1993 931 2035 in
955 1993 1084 2037 Creta
1102 1994 1382 2036 exercitatum
1402 1993 1497 2046 effe,
1515 2007 1616 2037 cum
1631 1996 1794 2039 Locrus

420 2060 537 2114 effet,
569 2061 613 2105 in
645 2077 779 2118 eaque
810 2061 944 2104 insula
974 2062 1223 2120 peregrinus
1258 2071 1590 2104 commoraretur
1622 2064 1794 2120 propter

418 2129 639 2172 divinandi
674 2129 917 2171 scientiam:
959 2129 1085 2186 hujus
1123 2138 1266 2171 autem
1304 2128 1488 2171 amicum
1527 2138 1573 2172 et
1609 2130 1792 2174 sodalem

418 2199 538 2242 fuifl'e
555 2198 809 2242 Thaletem:
841 2198 1031 2242 Thaletis
1060 2199 1313 2251 auditorem,
1334 2200 1601 2256 Lycurgum,
1630 2209 1675 2242 et
1702 2201 1790 2243 Za-

417 2266 621 2310 leucumz
653 2267 845 2320 Zaleuci,
883 2266 1170 2310 Charondam.
1232 2266 1317 2308 Sed
1346 2280 1447 2310 cum
1483 2267 1576 2310 baec
1607 2267 1788 2311 inconfi-

418 2335 602 2378 deratius
640 2334 891 2392 loquuntur,
928 2343 1022 2376 tum
1067 2342 1258 2391 tempora
1300 2342 1552 2391 repugnant.
1612 2335 1711 2378 Fuit
1746 2344 1791 2379 et

417 2403 634 2446 Philolaus
662 2402 915 2446 Corinthius
943 2402 1160 2445 Thebanis
1188 2400 1343 2459 legum,
1365 2402 1527 2444 auctor.
1579 2403 1691 2453 *Erat
1708 2418 1786 2446 au—

416 2480 502 2514 tem
537 2471 750 2514 Philolaus
778 2485 831 2513 ex
861 2470 1148 2513 Bacchiadum
1178 2485 1362 2527 genere:
1394 2463 1464 2512 sed
1486 2484 1584 2512 cum
1603 2470 1787 2524 Dioclis,

363 2548 365 2551 ’
414 2539 507 2598 ejus
536 2540 611 2597 qui
642 2538 743 2582 vicit
763 2538 983 2596 Olympia,
1006 2547 1167 2580 amator
1185 2537 1309 2580 effet:
1340 2537 1413 2580 ille
1433 2545 1576 2580 autem
1595 2538 1786 2583 insanum

414 2608 561 2650 matris
581 2606 788 2665 Alcyonae
815 2621 1002 2649 amorem
1033 2607 1354 2663 aspernatus'ac
1381 2605 1608 2654 detestatus
1634 2608 1783 2653 urbem

413 2676 672 2733 reliquisset:
716 2675 891 2719 Thebas
931 2689 1016 2717 una
1054 2689 1153 2716 curn
1190 2688 1255 2716 eo
1277 2673 1491 2731 profefflus
1526 2675 1599 2726 est,
1639 2675 1795 2734 ibiquej

411 2744 542 2785 ambo
572 2741 730 2784 mortui
761 2741 884 2783 sunt:
915 2750 1044 2798 atque
1079 2740 1206 2782 etiam
1241 2755 1356 2783 nunc
1387 2755 1534 2801 eorum
1567 2741 1787 2799 sepulchra
1817 2785 1842 2811 s

411 2811 650 2864 ostendunt,
680 2810 740 2852 ita
773 2810 916 2867 pofita,
938 2818 987 2852 ut
1018 2808 1195 2852 alter-um
1227 2808 1403 2866 quidem
1427 2809 1802 2860 exaltero‘facile⁴
