1968 3366
489 217 572 275 3⁸2
926 217 1429 263 Ams‘rornms·

487 341 551 384 At
568 336 720 384 domui
739 339 921 398 perfesta
938 339 1065 399 atque
1091 340 1270 399 integra,
1290 356 1343 384 ex
1360 340 1482 384 servis
1500 348 1543 383 et
1563 338 1836 383 liberium*-

483 407 575 451 ἢεῖ.
634 408 848 452 Quoniam
870 417 1011 451 autem
1032 407 1216 465 primum
1236 408 1423 466 quidque
1446 408 1490 450 in
1518 412 1765 464 unaquaque
1780 414 1838 447 :re

485 475 730 533 explicanda
747 475 814 518 vel
833 475 876 518 in
898 475 1083 518 minimis
1112 475 1386 532 quaerendum
1415 475 1489 527 est,
1511 475 1563 517 ab
1591 469 1835 531 iisquejni-

484 542 591 585 tium
621 542 889 586 ducendum:
921 542 1065 599 primae
1093 550 1233 584 autem
1253 550 1299 584 et
1315 541 1503 584 minimae
1529 541 1683 584 domus
1699 545 1837 596 parte·

478 607 579 652 >sunt
607 609 806 653 dominus
837 618 880 652 et
909 609 1061 661 servus,
1083 609 1143 650 vir
1170 617 1215 651 et
1242 623 1360 661 uxor,
1386 616 1502 665 pater
1529 616 1573 650 et
1599 605 1721 650 liberi
1738 604 1837 665 ²de

483 677 552 720 his
572 678 723 730 tribus,
743 677 844 735 quid
864 685 906 720 et
933 677 1055 735 quale
1084 676 1406 734 unumquidque
1425 676 1503 718 effe
1519 675 1687 726 debeat,
1703 672 1835 717 eonfi-

482 744 711 788 derandum
748 745 955 788 videatur.
1014 745 1122 787 Sunt
1153 753 1292 786 autern
1312 744 1432 796 haec,
1458 742 1601 786 herilis
1625 739 1836 798 ratioffilseu

480 811 696 871 disciplina
709 811 831 856 servis
850 811 1118 870 praecipiendi
1137 820 1261 868 atque
1281 810 1511 869 imperandi
1529 827 1540 853 ε
1569 819 1615 853 et
1633 807 1836 866 nuptialis

486 880 674 936 (nomine
692 880 805 923 enim
832 889 951 922 vacat
975 875 1119 922 unieris
1147 888 1191 922 et
1220 880 1297 922 viri
1326 879 1587 938 conjugatio)
1609 887 1654 920 et
1670 891 1720 920 ea
1739 886 1835 935 quae

480 946 536 989 ad
565 946 787 1004 imperium
819 939 946 1004 petris
975 946 1017 988 in
1051 946 1203 989 liberos
1232 961 1257 988 a
1288 947 1328 989 se
1358 954 1593 1004 procreatos
1623 942 1803 1002 pertinet
1819 957 1832 984 ε

480 1028 577 1057 nam
598 1025 739 1071 neque
754 1014 857 1057 huic‘
873 1014 1086 1071 proprium
1116 1028 1270 1056 nomen
1300 1014 1535 1071 impofitum
1561 1013 1632 1056 est.
1687 1011 1835 1068 Atque

479 1079 547 1121 hae
565 1090 651 1123 tres
669 1081 852 1122 rationes
871 1081 1010 1132 sunto,
1029 1094 1132 1137 quas
1158 1079 1355 1122 diximus.
1413 1080 1479 1122 Est
1497 1093 1620 1137 porro
1638 1077 1833 1136 quedam

480 1157 678 1205 praeterea
705 1158 814 1206 pars,
836 1163 933 1206 quae
962 1147 1127 1190 videtur
1143 1147 1238 1190 aliis
1255 1147 1426 1206 quidem
1445 1147 1506 1190 rei
1526 1145 1739 1190 familiaris
1756 1143 1833 1188 ad-

478 1215 738 1268 ministratio,
761 1215 853 1258 aliis
877 1229 976 1259 vero
1003 1229 1096 1272 pars
1128 1214 1221 1272 ejus
1247 1214 1446 1257 maxima.
1503 1212 1833 1270 Quomodo-auf-

478 1293 567 1326 tem
600 1298 665 1326 res
698 1283 737 1326 se
772 1283 938 1334 habeat,
972 1282 1174 1340 posterius·
1201 1283 1282 1326 erit
1310 1282 1664 1341 cognoscendum.
1720 1280 1834 1325 Dico

476 1359 620 1394 autem
650 1351 704 1394 de
734 1366 783 1393 ea
810 1366 907 1408 quae
931 1350 1163 1408 appeilatur
1181 1350 1241 1392 rei
1262 1349 1506 1392 nummariae
1532 1348 1742 1408 parandae,
1758 1349 1834 1392 seu

476 1418 666 1476 pecuniae
683 1418 933 1476 quaerendae,
953 1418 1075 1470 ratio,
1097 1429 1195 1475 quae
1213 1431 1239 1460 a
1257 1417 1418 1459 Graeeis
1437 1415 1736 1459 chrematistiea
1755 1430 1832 1458 no·-

477 1486 676 1528 minatur.
736 1485 821 1528 Sed
849 1485 1028 1542 primum
1058 1485 1113 1527 de
1141 1484 1319 1527 domino:
1332 1494 1376 1527 et
1395 1485 1508 1527 servo
1534 1483 1753 1526 die-amun
1783 1491 1834 1526 ut

476 1563 521 1596 et
552 1569 647 1611 quae
679 1553 733 1595 ad
766 1551 1031 1595 necessarium
1061 1552 1184 1595 usum⁴
1214 1552 1438 1608 pertinent,
1467 1550 1700 1603 videamus,
1730 1559 1772 1593 et
1804 1551 1830 1593 fi

477 1620 582 1677 quid
610 1620 663 1663 ad
687 1635 738 1663 ea
761 1619 1050 1676 cognoscenda
1069 1618 1219 1661 melius
1247 1618 1446 1674 consequi
1472 1618 1682 1674 poffimns,
1703 1633 1832 1676 quam

479 1703 572 1745 quae
593 1703 706 1731 nunc
724 1688 766 1729 in
785 1686 1001 1730 communi
1027 1687 1249 1729 hominum
1279 1684 1580 1728 existimatione
1597 1692 1721 1742 atque
1737 1684 1833 1743 opi-

478 1756 602 1797 nione
621 1755 844 1806 versantur,
863 1754 1137 1811 experiamur.
1175 1752 1435 1797 Quibusdam
1457 1751 1624 1794 scientia
1643 1752 1832 1810 quaedzim

477 1822 642 1865 videtur
673 1822 752 1864 effe
782 1821 944 1863 domini
974 1821 1211 1878 imperium,
1247 1821 1318 1862 seu
1348 1819 1490 1861 herilis
1519 1820 1724 1875 potestas:
1759 1833 1831 1861 ea·

475 1889 659 1946 demque
688 1889 839 1931 domus
864 1887 1192 1930 administrandae
1211 1887 1333 1939 ratio,
1353 1897 1396 1928 et
1415 1885 1559 1929 herilis
1576 1885 1766 1943 potestate,
1787 1894 1832 1928 et

476 1956 627 2008 civilis,
665 1966 709 1999 et
745 1957 876 2014 regia,
913 1954 1269 2012 quemadmodum
1307 1953 1429 1996 initio
1466 1953 1666 1996 diximus.
1722 1953 1830 1996 Aliis

430 2035 456 2083 7
477 2033 625 2080 praeter
660 2033 849 2069 naturam
885 2023 964 2065 effe
995 2022 1038 2064 in
1074 2022 1252 2064 alterum
1285 2021 1505 2064 dominari.
1563 2021 1681 2078 Lege
1714 2021 1829 2063 enim

473 2091 602 2133 alium
625 2090 703 2134 effe
721 2091 898 2142 servum,
918 2090 1046 2132 alium
1068 2089 1248 2131 liberum
1267 2106 1278 2129 ι
1308 2097 1457 2130 natura
1474 2095 1614 2142 autem
1636 2087 1742 2130 nihil
1761 2087 1830 2129 in-

473 2158 628 2201 tereffe.
687 2156 900 2201 Quocirca
919 2172 1055 2214 neque
1065 2155 1223 2213 justum
1243 2154 1337 2208 effe,
1361 2155 1460 2213 quia
1480 2155 1526 2197 fit
1543 2154 1790 2198 violentum.
1807 2191 1814 2198 ,

1025 2308 1028 2311 «
1129 2314 1136 2338 Ι
1230 2315 1233 2318 ,

1010 2423 1163 2465 CAP.
1214 2419 1293 2466 IV.

472 2547 538 2589 De
556 2546 692 2589 Herili
703 2546 892 2604 societate
920 2544 1117 2602 domqstica
1142 2545 1268 2602 primo
1288 2545 1389 2602 agit,
1412 2552 1449 2585 et
1468 2545 1515 2585 de
1527 2543 1658 2587 ‘Servo
1676 2551 1714 2587 ct
1733 2544 1827 2587 Ser-

844 2644 845 2647 =
864 2613 993 2655 vitute
1004 2613 1224 2670 generatim
1244 2612 1429 2670 disputat.

526 2703 822 2746 QUONIAM
843 2701 975 2758 igitur
993 2715 1130 2741 rerum
1152 2700 1231 2741 five
1254 2708 1464 2756 partarum
1485 2707 1530 2741 et
1548 2699 1826 2755 quaefitarum,

471 2770 550 2810 {ive
580 2770 708 2811 etiam
737 2769 974 2810 relifflarum
1009 2766 1206 2824 poffeffio,
1235 2781 1330 2823 pars
1353 2766 1505 2808 domus
1536 2767 1624 2808 est:
1654 2780 1758 2823 ergo
1784 2774 1830 2808 et

470 2837 576 2897 ratio
609 2838 666 2880 rei
698 2836 951 2894 quaerendae,
973 2835 1144 2878 rationis
1173 2835 1233 2877 rei
1262 2826 1479 2876 familiaris¹
1495 2833 1828 2876 administranda
