1898 3308
483 182 579 227 DE
621 183 1250 240 REPUBLICA'III.3.
1470 191 1555 238 455

172 296 321 331 ‘⁸⁸¹'¹‘·*'
439 310 441 315 '
719 318 875 364 cAP.
924 318 1004 363 ιν.
1539 307 1542 311 ’
1700 319 1775 358 111.

173 369 262 397 *b'sstl
284 374 329 394 ὴ-
362 386 392 395 ,μ

169 420 294 465 ‚nnc
309 420 460 465 cutibus
478 422 659 482 inspecie
676 423 784 482 agit,
801 431 839 465 et
853 422 1026 480 primum
1046 421 1096 464 de
1118 419 1312 477 Perfetlis
1330 420 1498 464 civibus.

170 507 303 554 “TIS
335 523 460 570 porro
491 529 589 572 quae
625 529 740 558 nunc
773 514 956 572 exposita
991 514 1101 566 sunt,
1138 511 1374 570 proximum
1411 513 1468 555 est
1506 521 1556 555 ut

166 576 390 624 videamus
420 590 563 625 utrum
593 583 772 626 eandem
803 582 883 626 effe
912 582 1114 625 virtutem
1151 580 1228 624 viri
1257 580 1361 623 boni
1385 589 1428 623 et
1449 581 1554 624 boni

168 645 470 695 ‘civis‘st'atuere
503 650 753 703 debeamus,
788 658 946 694 necne.‘
998 650 1162 694 Verum
1188 648 1406 692 enimvero
1427 649 1450 691 fi
1473 649 1558 692 hoc

166 714 468 774 inquirendum
506 719 577 771 est,
609 719 685 763 viri
723 718 824 761 boni
857 719 990 762 virtus
1021 718 1208 776 primum
1244 716 1340 760 rudi
1371 717 1558 775 quadam

165 782 355 843 imagine
374 785 601 830 informata
619 786 915 844 cognoscenda
933 787 1005 831 est.
1066 785 1448 830 Quemadmodum
1472 786 1555 844 igi-

166 847 403 907 tur‘nauta,
423 859 535 898 'unus
556 855 731 914 quidam
759 856 817 899 est
848 871 899 898 ex
933 854 1056 898 sociis
1086 854 1397 913 navigationis:
1431 854 1484 898 fic
1514 863 1560 897 et

163 914 303 964 ei'veffl
333 932 394 964 ‘ex
427 922 478 965 iis
509 923 584 981 qui
618 924 755 967 civilis
786 923 1158 966 administrationis
1189 922 1285 965 sunt
1315 923 1557 981 participes,

164 989 402 1037 unumeffe
423 991 624 1035 dicimus.
687 992 895 1036 Quamvis
926 1002 1068 1035 autem
1103 1001 1243 1035 nautae
1273 992 1352 1034 fint
1382 992 1495 1035 inter
1518 993 1559 1037 se

157 1057 204 1100 vi
226 1067 271 1100 et
290 1056 493 1102 facultate
517 1060 736 1103 diffimiles
759 1061 888 1118 (alius
916 1061 1031 1103 enim
1066 1061 1124 1103 est
1154 1075 1314 1113 remeX,
1337 1060 1445 1104 alius
1471 1077 1558 1120 gu·

163 1125 379 1180 bernator,
413 1127 522 1171 alius
556 1144 691 1187 prorae
730 1128 970 1187 praefe&uS‚
1007 1129 1117 1172 alius
1149 1129 1224 1172 tali
1260 1130 1406 1187 aliquo
1443 1131 1558 1188 quafi

162 1196 425 1254 cognomine
445 1197 702 1256 appellatus)
727 1198 994 1255 perspicuum
1024 1208 1168 1241 tamen
1189 1199 1246 1242 est
1265 1199 1394 1242 unius
1414 1199 1558 1258 cujus-

164 1263 259 1323 que
281 1277 430 1308 eorum
462 1265 767 1309 subtiliffimam
798 1281 848 1309 ac
878 1266 1218 1324 perfthiffimam
1245 1267 1558 1323 definitionem,

164 1333 336 1377 virtutis
368 1333 571 1393 quusque
605 1336 818 1394 propriam
852 1335 1068 1379 futuram:
1106 1335 1296 1379 {imiliter
1330 1345 1475 1380 autem
1516 1348 1560 1381 et

163 1412 442 1446 communem
463 1403 649 1462 aliquam
681 1404 733 1447 ad
760 1419 911 1447 omnes
937 1415 1037 1463 apte
1065 1405 1381 1463 quadraturam.
1442 1407 1559 1449 Nam

162 1470 272 1516 salus'
291 1464 471 1532 n'avigii,
493 1482 644 1516 eorum·
662 1474 857 1516 omnium
879 1489 1111 1517 commune
1129 1489 1288 1516 munus
1309 1475 1382 1517 est.
1420 1475 1560 1534 ‘Hanc

162 1539 296 1594 enim,
334 1547 535 1599 tanquam
578 1540 722 1594 finem,
754 1548 1007 1585 'nautarum'
1045 1541 1333 1600 unusquisque
1381 1543 1559 1600 expetit.

163 1607 237 1652 Sic
266 1608 400 1668 igitur
428 1619 473 1652 et
501 1609 661 1652 civium
694 1608 913 1668 cujusque,
935 1609 1132 1668 quamvis
1154 1610 1232 1652 fint
1253 1611 1363 1653 inter
1383 1610 1423 1654 se
1443 1611 1556 1654 diffi-

31 1680 33 1685 ’
83 1703 86 1706 ·
159 1676 303 1729 miles,
332 1677 546 1721 societatis
576 1686 622 1720 et
649 1677 971 1720 communitatis
1000 1678 1125 1730 salus,
1155 1693 1314 1721 munus
1340 1679 1414 1722 est.
1476 1681 1558 1722 So-

159 1744 294 1788 cietas
329 1754 476 1788 autem
510 1746 584 1798 est,
618 1746 801 1789 civitatis
837 1746 910 1788 seu
943 1746 1192 1803 reipublicae
1221 1746 1560 1791 administrandae

159 1803 300 1858 forma
331 1825 376 1858 et
404 1802 542 1868 ratio,⁴
561 1830 689 1873 quam
725 1815 917 1872 politiam
953 1815 1098 1858 Graeci
1127 1816 1367 1859 nominant.
1431 1817 1558 1860 Quo-

161 1882 278 1926 circa
298 1883 433 1926 virtus
451 1882 555 1926 civis
576 1883 629 1925 ad
650 1883 837 1925 civitatis
865 1882 1208 1925 administrandae
1230 1883 1412 1926 formam
1443 1883 1557 1928 refe-

159 1961 278 1994 ratur
306 1942 469 1994 nec'effe
499 1950 573 1993 est.
634 1950 678 1993 Si
709 1950 846 2008 igitur
876 1950 998 2007 plura
1027 1949 1124 1992 sunt
1155 1949 1339 1994 civitatis'
1372 1951 1446 1994 seu
1473 1953 1556 1995 rei-

161 2017 346 2078 publieae
367 2017 739 2062 administrationis
758 2033 933 2077 genera,
955 2018 1158 2061 nimirum
1189 2018 1278 2061 fieri
1309 2034 1395 2062 non
1424 2022 1558 2079 potest

160 2087 347 2132 utboni
378 2087 483 2131 civis
515 2087 650 2131 virtus
678 2087 725 2130 fit
756 2102 841 2130 una
869 2086 1073 2146 perfeeta.
1133 2089 1196 2131 At
1227 2088 1361 2132 virum
1391 2090 1557 2134 bonum

158 2155 363 2208 dicimus,
384 2155 541 2199 virtute
560 2155 746 2214 perfee‘ta
773 2167 872 2199 eum
903 2157 1150 2199 metientes.
1210 2157 1392 2200 Evenire
1423 2158 1558 2217 igitur

159 2223 273 2282 poss‘e
293 2225 341 2267 ut
359 2223 436 2282 qui
458 2223 505 2267 fit
523 2224 664 2267 bonus
685 2223 805 2276 civis,
829 2239 921 2266 eam
946 2223 1149 2267 virtutem
1171 2239 1257 2267 non
1281 2227 1330 2268 fit
1349 2228 1555 2270 consecu-

159 2301 248 2346 tus,
269 2307 323 2336 ex
353 2307 440 2351 qua
470 2293 534 2336 vir
561 2293 703 2335 bonus
734 2292 986 2350 appellatur,
1008 2308 1060 2336 ex
1081 2293 1149 2335 his
1174 2293 1417 2352 intelligere
1436 2295 1553 2339 licet.
1569 2302 1642 2355 90

158 2361 469 2405 Verumtamen
505 2361 633 2404 etiarn
665 2361 751 2403 alio
786 2360 916 2403 modo
947 2360 1128 2404 eandem
1160 2362 1369 2405 rationem
1397 2373 1558 2421 pertra-

159 2430 274 2473 ἀει-ε
293 2440 338 2473 et
357 2429 548 2488 persequi
568 2429 671 2472 licet
689 2429 744 2471 de
763 2428 927 2486 optima
947 2428 1194 2487 reipublicae
1214 2430 1558 2476 administrandae

0 2541 2 2550 ἲ
159 2497 299 2541 forma
309 2497 635 2541 dubitantibus.
698 2498 741 2540 Si
762 2498 877 2540 enim
899 2497 988 2539 fieri
1010 2512 1095 2540 non
1118 2499 1249 2555 potest
1270 2509 1319 2542 us.
1339 2514 1392 2542 ex
1413 2501 1555 2544 omni-

0 2580 22 2619 i?
159 2567 245 2610 bus
264 2565 388 2610 bonis
408 2566 508 2609 viris
527 2566 688 2609 constet
711 2565 861 2608 civitas
883 2582 894 2608 ε
926 2565 1000 2608 suo
1031 2575 1175 2610 autem
1208 2582 1426 2625 quemque
1457 2584 1557 2613 mu-

2 2631 7 2642 '
159 2649 260 2679 nere
278 2635 412 2693 probe
431 2634 557 2693 fungi
578 2642 751 2693 oportet
771 2651 781 2677 :
813 2634 899 2677 hoe
920 2643 1065 2677 autem
1097 2650 1123 2677 a
1150 2635 1305 2679 virtute
1325 2637 1556 2694 proficisci-

159 2712 264 2748 turz
296 2703 647 2763 quandoquidem
680 2702 799 2746 nefas
831 2705 904 2761 estN
925 2703 1040 2747 cives
1068 2719 1220 2747 omnes
1256 2705 1368 2748 inter
1402 2706 1442 2749 se
1476 2707 1558 2750 effe

161 2771 332 2826 flmiles,
354 2787 440 2816 una
468 2772 572 2815 boni
602 2772 708 2816 civis
738 2779 783 2815 et
812 2771 918 2814 boni
947 2770 1025 2815 viri
1054 2772 1186 2817 virtus
1206 2774 1286 2816 effe
1308 2789 1394 2817 non
1418 2775 1556 2833 poflit.

160 2841 281 2887 Nam
301 2841 405 2885 boni
434 2841 611 2900 quidem
637 2840 744 2885 civis
763 2841 899 2884 virtus
929 2840 973 2883 in
1003 2841 1208 2886 omnibus
1238 2842 1365 2886 ineffe
1397 2843 1526 2887 debet
1542 2861 1559 2886 a

800 2923 929 2969 034
