<?xml version="1.0" encoding="UTF-8"?>
<!DOCTYPE html PUBLIC "-//W3C//DTD XHTML 1.0 Transitional//EN"
    "http://www.w3.org/TR/xhtml1/DTD/xhtml1-transitional.dtd">
<html xmlns="http://www.w3.org/1999/xhtml" xml:lang="en" lang="en">
 <head>
  <title>
</title>
<meta http-equiv="Content-Type" content="text/html;charset=utf-8" />
  <meta name='ocr-system' content='tesseract 3.04.00' />
  <meta name='ocr-capabilities' content='ocr_page ocr_carea ocr_par ocr_line ocrx_word'/>
</head>
<body>
  <div class='ocr_page' id='page_1' title='image "./politicagreeklat02arisuoft_0262.png"; bbox 0 0 1898 3308; ppageno 0'>
   <div class='ocr_carea' id='block_1_1' title="bbox 433 172 1358 234">
    <p class='ocr_par' dir='ltr' id='par_1_1' title="bbox 433 172 1358 234">
     <span class='ocr_line' id='line_1_1' title="bbox 433 172 1358 234; baseline 0.008 -13"><span class='ocrx_word' id='word_1_1' title='bbox 433 180 517 234; x_wconf 79' lang='lat'>486</span> <span class='ocrx_word' id='word_1_2' title='bbox 853 172 1358 228; x_wconf 71' lang='lat' dir='ltr'>‘ARISTOTELIS</span> 
     </span>
    </p>
   </div>
   <div class='ocr_carea' id='block_1_2' title="bbox 317 299 1807 2853">
    <p class='ocr_par' dir='ltr' id='par_1_2' title="bbox 317 299 1807 2852">
     <span class='ocr_line' id='line_1_2' title="bbox 431 299 1794 365; baseline 0.005 -24"><span class='ocrx_word' id='word_1_3' title='bbox 431 306 558 355; x_wconf 86' lang='lat' dir='ltr'>atque</span> <span class='ocrx_word' id='word_1_4' title='bbox 589 299 792 360; x_wconf 83' lang='lat' dir='ltr'>integrior</span> <span class='ocrx_word' id='word_1_5' title='bbox 826 303 909 348; x_wconf 87' lang='lat' dir='ltr'>est.</span> <span class='ocrx_word' id='word_1_6' title='bbox 952 319 1005 349; x_wconf 85' lang='lat' dir='ltr'>an</span> <span class='ocrx_word' id='word_1_7' title='bbox 1040 305 1180 362; x_wconf 88' lang='lat' dir='ltr'>potius</span> <span class='ocrx_word' id='word_1_8' title='bbox 1214 305 1352 362; x_wconf 85' lang='lat' dir='ltr'>plures</span> <span class='ocrx_word' id='word_1_9' title='bbox 1387 304 1559 363; x_wconf 85' lang='lat' dir='ltr'>quidem</span> <span class='ocrx_word' id='word_1_10' title='bbox 1596 317 1794 365; x_wconf 65' lang='lat' dir='ltr'>numero,</span> 
     </span>
     <span class='ocr_line' id='line_1_3' title="bbox 430 366 1790 439; baseline 0.004 -31"><span class='ocrx_word' id='word_1_11' title='bbox 430 366 534 409; x_wconf 90' lang='lat' dir='ltr'>boni</span> <span class='ocrx_word' id='word_1_12' title='bbox 551 376 693 413; x_wconf 86' lang='lat' dir='ltr'>autem</span> <span class='ocrx_word' id='word_1_13' title='bbox 722 371 899 413; x_wconf 87' lang='lat' dir='ltr'>omnes?</span> <span class='ocrx_word' id='word_1_14' title='bbox 933 371 1002 414; x_wconf 89' lang='lat' dir='ltr'>An</span> <span class='ocrx_word' id='word_1_15' title='bbox 1028 371 1247 428; x_wconf 89' lang='lat' dir='ltr'>perspicue</span> <span class='ocrx_word' id='word_1_16' title='bbox 1277 371 1444 429; x_wconf 82' lang='lat' dir='ltr'>plures?</span> <span class='ocrx_word' id='word_1_17' title='bbox 1477 372 1538 414; x_wconf 87' lang='lat' dir='ltr'>At</span> <span class='ocrx_word' id='word_1_18' title='bbox 1554 371 1597 414; x_wconf 86' lang='lat' dir='ltr'>hi</span> <span class='ocrx_word' id='word_1_19' title='bbox 1617 369 1790 439; x_wconf 86' lang='lat' dir='ltr'>quidem</span> 
     </span>
     <span class='ocr_line' id='line_1_4' title="bbox 431 432 1790 491; baseline 0.004 -17"><span class='ocrx_word' id='word_1_20' title='bbox 431 432 636 487; x_wconf 82' lang='lat' dir='ltr'>diffident,</span> <span class='ocrx_word' id='word_1_21' title='bbox 657 444 700 476; x_wconf 87' lang='lat' dir='ltr'>et</span> <span class='ocrx_word' id='word_1_22' title='bbox 717 434 985 480; x_wconf 87' lang='lat' dir='ltr'>discordant</span> <span class='ocrx_word' id='word_1_23' title='bbox 975 447 1084 482; x_wconf 84' lang='lat' dir='ltr'>mter</span> <span class='ocrx_word' id='word_1_24' title='bbox 1111 438 1174 482; x_wconf 91' lang='lat' dir='ltr'>se.</span> <span class='ocrx_word' id='word_1_25' title='bbox 1207 454 1316 481; x_wconf 89' lang='lat' dir='ltr'>unus</span> <span class='ocrx_word' id='word_1_26' title='bbox 1335 448 1476 482; x_wconf 87' lang='lat' dir='ltr'>autem</span> <span class='ocrx_word' id='word_1_27' title='bbox 1496 438 1684 491; x_wconf 83' lang='lat' dir='ltr'>diffidere</span> <span class='ocrx_word' id='word_1_28' title='bbox 1703 452 1790 481; x_wconf 87' lang='lat' dir='ltr'>non</span> 
     </span>
     <span class='ocr_line' id='line_1_5' title="bbox 429 502 1788 566; baseline 0.004 -23"><span class='ocrx_word' id='word_1_29' title='bbox 429 502 575 557; x_wconf 87' lang='lat' dir='ltr'>potest.</span> <span class='ocrx_word' id='word_1_30' title='bbox 634 503 795 545; x_wconf 89' lang='lat' dir='ltr'>Verum</span> <span class='ocrx_word' id='word_1_31' title='bbox 830 503 929 547; x_wconf 91' lang='lat' dir='ltr'>huic</span> <span class='ocrx_word' id='word_1_32' title='bbox 962 505 1022 549; x_wconf 88' lang='lat' dir='ltr'>rei</span> <span class='ocrx_word' id='word_1_33' title='bbox 1057 505 1217 551; x_wconf 69' lang='lat' dir='ltr'>fortasse</span> <span class='ocrx_word' id='word_1_34' title='bbox 1249 507 1546 564; x_wconf 86' lang='lat' dir='ltr'>opponendum</span> <span class='ocrx_word' id='word_1_35' title='bbox 1577 506 1648 559; x_wconf 87' lang='lat' dir='ltr'>est,</span> <span class='ocrx_word' id='word_1_36' title='bbox 1677 505 1788 566; x_wconf 80' lang='lat' dir='ltr'>viros</span> 
     </span>
     <span class='ocr_line' id='line_1_6' title="bbox 428 551 1804 631; baseline 0.005 -23"><span class='ocrx_word' id='word_1_37' title='bbox 428 566 605 620; x_wconf 86' lang='lat' dir='ltr'>bonos,</span> <span class='ocrx_word' id='word_1_38' title='bbox 611 577 654 611; x_wconf 90' lang='lat' dir='ltr'>et</span> <span class='ocrx_word' id='word_1_39' title='bbox 682 584 770 621; x_wconf 76' lang='lat' dir='ltr'>eQS,</span> <span class='ocrx_word' id='word_1_40' title='bbox 801 585 980 627; x_wconf 85' lang='lat' dir='ltr'>quorum</span> <span class='ocrx_word' id='word_1_41' title='bbox 1009 573 1174 615; x_wconf 86' lang='lat' dir='ltr'>animus</span> <span class='ocrx_word' id='word_1_42' title='bbox 1203 572 1368 630; x_wconf 84' lang='lat' dir='ltr'>integer</span> <span class='ocrx_word' id='word_1_43' title='bbox 1395 589 1444 620; x_wconf 90' lang='lat' dir='ltr'>ac</span> <span class='ocrx_word' id='word_1_44' title='bbox 1473 574 1593 616; x_wconf 84' lang='lat' dir='ltr'>sanus</span> <span class='ocrx_word' id='word_1_45' title='bbox 1614 573 1687 631; x_wconf 81' lang='lat' dir='ltr'>est,</span> <span class='ocrx_word' id='word_1_46' title='bbox 1706 551 1804 631; x_wconf 75' lang='lat' dir='ltr'>effe</span> 
     </span>
     <span class='ocr_line' id='line_1_7' title="bbox 426 632 1786 715; baseline 0.006 -40"><span class='ocrx_word' id='word_1_47' title='bbox 426 632 549 689; x_wconf 84' lang='lat' dir='ltr'>instar</span> <span class='ocrx_word' id='word_1_48' title='bbox 577 635 711 687; x_wconf 85' lang='lat' dir='ltr'>unius</span> <span class='ocrx_word' id='word_1_49' title='bbox 744 636 872 680; x_wconf 87' lang='lat' dir='ltr'>illius.</span> <span class='ocrx_word' id='word_1_50' title='bbox 935 638 979 681; x_wconf 90' lang='lat' dir='ltr'>Si</span> <span class='ocrx_word' id='word_1_51' title='bbox 1012 638 1144 696; x_wconf 84' lang='lat' dir='ltr'>igitur</span> <span class='ocrx_word' id='word_1_52' title='bbox 1176 638 1403 715; x_wconf 43' lang='lat' dir='ltr'>plurim-um</span> <span class='ocrx_word' id='word_1_53' title='bbox 1438 639 1612 698; x_wconf 84' lang='lat' dir='ltr'>quidem</span> <span class='ocrx_word' id='word_1_54' title='bbox 1648 635 1786 699; x_wconf 78' lang='lat' dir='ltr'>impe·-</span> 
     </span>
     <span class='ocr_line' id='line_1_8' title="bbox 427 700 1750 772; baseline 0.005 -30"><span class='ocrx_word' id='word_1_55' title='bbox 427 700 556 753; x_wconf 85' lang='lat' dir='ltr'>rium,</span> <span class='ocrx_word' id='word_1_56' title='bbox 591 717 822 760; x_wconf 87' lang='lat' dir='ltr'>eorumque</span> <span class='ocrx_word' id='word_1_57' title='bbox 853 706 1050 748; x_wconf 88' lang='lat' dir='ltr'>omnium</span> <span class='ocrx_word' id='word_1_58' title='bbox 1063 707 1270 753; x_wconf 86' lang='lat' dir='ltr'>bonorum</span> <span class='ocrx_word' id='word_1_59' title='bbox 1299 708 1499 760; x_wconf 89' lang='lat' dir='ltr'>virorum,</span> <span class='ocrx_word' id='word_1_60' title='bbox 1518 704 1750 772; x_wconf 75' lang='lat' dir='ltr'>optimati</span> 
     </span>
     <span class='ocr_line' id='line_1_9' title="bbox 424 763 1787 845; baseline 0.004 -36"><span class='ocrx_word' id='word_1_61' title='bbox 424 770 668 845; x_wconf 78' lang='lat' dir='ltr'>potestatem</span> <span class='ocrx_word' id='word_1_62' title='bbox 698 770 769 812; x_wconf 89' lang='lat' dir='ltr'>seu</span> <span class='ocrx_word' id='word_1_63' title='bbox 800 771 1092 820; x_wconf 84' lang='lat' dir='ltr'>aristocratiam</span> <span class='ocrx_word' id='word_1_64' title='bbox 1121 773 1198 816; x_wconf 81' lang='lat' dir='ltr'>effe</span> <span class='ocrx_word' id='word_1_65' title='bbox 1230 774 1401 821; x_wconf 85' lang='lat' dir='ltr'>statuere</span> <span class='ocrx_word' id='word_1_66' title='bbox 1430 772 1632 832; x_wconf 85' lang='lat' dir='ltr'>oportet·</span> <span class='ocrx_word' id='word_1_67' title='bbox 1660 763 1787 830; x_wconf 72' lang='lat' dir='ltr'>unius</span> 
     </span>
     <span class='ocr_line' id='line_1_10' title="bbox 427 825 1788 901; baseline 0.005 -24"><span class='ocrx_word' id='word_1_68' title='bbox 427 844 569 880; x_wconf 88' lang='lat' dir='ltr'>autem</span> <span class='ocrx_word' id='word_1_69' title='bbox 592 836 666 878; x_wconf 81' lang='lat' dir='ltr'>viri</span> <span class='ocrx_word' id='word_1_70' title='bbox 693 825 811 889; x_wconf 81' lang='lat' dir='ltr'>boni,</span> <span class='ocrx_word' id='word_1_71' title='bbox 832 853 1040 895; x_wconf 71' lang='lat' dir='ltr'>regnumi</span> <span class='ocrx_word' id='word_1_72' title='bbox 1068 840 1296 896; x_wconf 77' lang='lat' dir='ltr'>optabilius</span> <span class='ocrx_word' id='word_1_73' title='bbox 1326 841 1530 901; x_wconf 86' lang='lat' dir='ltr'>quiddam</span> <span class='ocrx_word' id='word_1_74' title='bbox 1559 841 1609 884; x_wconf 84' lang='lat' dir='ltr'>fit</span> <span class='ocrx_word' id='word_1_75' title='bbox 1635 840 1788 884; x_wconf 81' lang='lat' dir='ltr'>civita-</span> 
     </span>
     <span class='ocr_line' id='line_1_11' title="bbox 427 903 1788 971; baseline 0.004 -26"><span class='ocrx_word' id='word_1_76' title='bbox 427 903 541 959; x_wconf 71' lang='lat' dir='ltr'>tibus</span> <span class='ocrx_word' id='word_1_77' title='bbox 569 904 832 957; x_wconf 80' lang='lat' dir='ltr'>aristocratia,</span> <span class='ocrx_word' id='word_1_78' title='bbox 854 906 924 947; x_wconf 89' lang='lat' dir='ltr'>seu</span> <span class='ocrx_word' id='word_1_79' title='bbox 942 906 1207 962; x_wconf 85' lang='lat' dir='ltr'>optimatium</span> <span class='ocrx_word' id='word_1_80' title='bbox 1233 908 1424 964; x_wconf 87' lang='lat' dir='ltr'>potestas,</span> <span class='ocrx_word' id='word_1_81' title='bbox 1443 923 1570 967; x_wconf 83' lang='lat' dir='ltr'>quam</span> <span class='ocrx_word' id='word_1_82' title='bbox 1591 921 1788 971; x_wconf 77' lang='lat' dir='ltr'>regnum,</span> 
     </span>
     <span class='ocr_line' id='line_1_12' title="bbox 317 971 1807 1048; baseline 0.004 -35"><span class='ocrx_word' id='word_1_83' title='bbox 317 977 412 1023; x_wconf 82' lang='lat'>123</span> <span class='ocrx_word' id='word_1_84' title='bbox 429 972 506 1021; x_wconf 88' lang='lat' dir='ltr'>five</span> <span class='ocrx_word' id='word_1_85' title='bbox 537 986 634 1019; x_wconf 89' lang='lat' dir='ltr'>cum</span> <span class='ocrx_word' id='word_1_86' title='bbox 666 971 868 1048; x_wconf 82' lang='lat' dir='ltr'>potestate</span> <span class='ocrx_word' id='word_1_87' title='bbox 887 972 963 1015; x_wconf 88' lang='lat' dir='ltr'>five</span> <span class='ocrx_word' id='word_1_88' title='bbox 986 973 1066 1018; x_wconf 78' lang='lat' dir='ltr'>fine</span> <span class='ocrx_word' id='word_1_89' title='bbox 1089 975 1288 1041; x_wconf 85' lang='lat' dir='ltr'>potestate</span> <span class='ocrx_word' id='word_1_90' title='bbox 1307 975 1384 1017; x_wconf 88' lang='lat' dir='ltr'>fit</span> <span class='ocrx_word' id='word_1_91' title='bbox 1374 974 1612 1033; x_wconf 79' lang='lat' dir='ltr'>imperium,</span> <span class='ocrx_word' id='word_1_92' title='bbox 1630 975 1659 1019; x_wconf 85' lang='lat' dir='ltr'><strong>fi</strong></span> <span class='ocrx_word' id='word_1_93' title='bbox 1676 974 1787 1035; x_wconf 76' lang='lat' dir='ltr'>plu-</span> <span class='ocrx_word' id='word_1_94' title='bbox 1805 1016 1807 1019; x_wconf 91' lang='lat'>.</span> 
     </span>
     <span class='ocr_line' id='line_1_13' title="bbox 425 1031 1788 1113; baseline 0.003 -32"><span class='ocrx_word' id='word_1_95' title='bbox 425 1054 493 1082; x_wconf 88' lang='lat' dir='ltr'>res</span> <span class='ocrx_word' id='word_1_96' title='bbox 515 1039 616 1085; x_wconf 87' lang='lat' dir='ltr'>item</span> <span class='ocrx_word' id='word_1_97' title='bbox 639 1039 748 1098; x_wconf 88' lang='lat' dir='ltr'>viros</span> <span class='ocrx_word' id='word_1_98' title='bbox 766 1040 899 1082; x_wconf 83' lang='lat' dir='ltr'>bonos</span> <span class='ocrx_word' id='word_1_99' title='bbox 928 1041 1088 1087; x_wconf 86' lang='lat' dir='ltr'>sumere</span> <span class='ocrx_word' id='word_1_100' title='bbox 1110 1042 1260 1085; x_wconf 90' lang='lat' dir='ltr'>liceat.</span> <span class='ocrx_word' id='word_1_101' title='bbox 1292 1057 1341 1086; x_wconf 90' lang='lat' dir='ltr'>ac</span> <span class='ocrx_word' id='word_1_102' title='bbox 1358 1042 1512 1091; x_wconf 86' lang='lat' dir='ltr'>iccirco</span> <span class='ocrx_word' id='word_1_103' title='bbox 1530 1031 1698 1113; x_wconf 70' lang='lat' dir='ltr'>fortali‘es</span> <span class='ocrx_word' id='word_1_104' title='bbox 1710 1041 1788 1086; x_wconf 89' lang='lat' dir='ltr'>sub</span> 
     </span>
     <span class='ocr_line' id='line_1_14' title="bbox 394 1091 1786 1167; baseline 0.004 -18"><span class='ocrx_word' id='word_1_105' title='bbox 394 1116 399 1122; x_wconf 84' lang='lat'>&#39;</span> <span class='ocrx_word' id='word_1_106' title='bbox 423 1107 598 1165; x_wconf 81' lang='lat' dir='ltr'>regibus</span> <span class='ocrx_word' id='word_1_107' title='bbox 629 1115 752 1150; x_wconf 87' lang='lat' dir='ltr'>antea</span> <span class='ocrx_word' id='word_1_108' title='bbox 787 1108 998 1160; x_wconf 87' lang='lat' dir='ltr'>vivebant,</span> <span class='ocrx_word' id='word_1_109' title='bbox 1033 1109 1132 1166; x_wconf 87' lang='lat' dir='ltr'>quia</span> <span class='ocrx_word' id='word_1_110' title='bbox 1161 1124 1253 1157; x_wconf 85' lang='lat' dir='ltr'>raro</span> <span class='ocrx_word' id='word_1_111' title='bbox 1284 1108 1465 1167; x_wconf 86' lang='lat' dir='ltr'>reperire</span> <span class='ocrx_word' id='word_1_112' title='bbox 1491 1109 1647 1157; x_wconf 85' lang='lat' dir='ltr'>licebat</span> <span class='ocrx_word' id='word_1_113' title='bbox 1673 1091 1786 1154; x_wconf 56' lang='lat' dir='ltr'>viros?</span> 
     </span>
     <span class='ocr_line' id='line_1_15' title="bbox 422 1174 1786 1235; baseline 0.006 -19"><span class='ocrx_word' id='word_1_114' title='bbox 422 1174 564 1232; x_wconf 87' lang='lat' dir='ltr'>plures</span> <span class='ocrx_word' id='word_1_115' title='bbox 599 1174 729 1232; x_wconf 85' lang='lat' dir='ltr'>longe</span> <span class='ocrx_word' id='word_1_116' title='bbox 762 1175 924 1217; x_wconf 84' lang='lat' dir='ltr'>caeteris</span> <span class='ocrx_word' id='word_1_117' title='bbox 956 1175 1111 1221; x_wconf 89' lang='lat' dir='ltr'>virtute</span> <span class='ocrx_word' id='word_1_118' title='bbox 1143 1178 1396 1233; x_wconf 81' lang='lat' dir='ltr'>praestantes,</span> <span class='ocrx_word' id='word_1_119' title='bbox 1429 1177 1655 1235; x_wconf 71' lang='lat' dir='ltr'>praesertim</span> <span class='ocrx_word' id='word_1_120' title='bbox 1683 1190 1786 1224; x_wconf 78' lang='lat' dir='ltr'>cum</span> 
     </span>
     <span class='ocr_line' id='line_1_16' title="bbox 422 1242 1787 1300; baseline 0.004 -16"><span class='ocrx_word' id='word_1_121' title='bbox 422 1242 552 1286; x_wconf 85' lang='lat' dir='ltr'>etiam</span> <span class='ocrx_word' id='word_1_122' title='bbox 586 1251 688 1284; x_wconf 89' lang='lat' dir='ltr'>tunc</span> <span class='ocrx_word' id='word_1_123' title='bbox 717 1242 760 1284; x_wconf 90' lang='lat' dir='ltr'>in</span> <span class='ocrx_word' id='word_1_124' title='bbox 791 1242 926 1300; x_wconf 88' lang='lat' dir='ltr'>parvis</span> <span class='ocrx_word' id='word_1_125' title='bbox 955 1243 1131 1287; x_wconf 85' lang='lat' dir='ltr'>urbibus</span> <span class='ocrx_word' id='word_1_126' title='bbox 1157 1244 1408 1288; x_wconf 84' lang='lat' dir='ltr'>habitarent.</span> <span class='ocrx_word' id='word_1_127' title='bbox 1467 1245 1669 1288; x_wconf 82' lang='lat' dir='ltr'>Praeterea</span> <span class='ocrx_word' id='word_1_128' title='bbox 1685 1259 1787 1299; x_wconf 79' lang='lat' dir='ltr'>vero</span> 
     </span>
     <span class='ocr_line' id='line_1_17' title="bbox 423 1309 1786 1368; baseline 0.007 -17"><span class='ocrx_word' id='word_1_129' title='bbox 423 1309 479 1351; x_wconf 93' lang='lat' dir='ltr'>ob</span> <span class='ocrx_word' id='word_1_130' title='bbox 499 1309 819 1361; x_wconf 85' lang='lat' dir='ltr'>beneficentiam</span> <span class='ocrx_word' id='word_1_131' title='bbox 841 1323 961 1366; x_wconf 83' lang='lat' dir='ltr'>reges</span> <span class='ocrx_word' id='word_1_132' title='bbox 983 1311 1206 1357; x_wconf 85' lang='lat' dir='ltr'>creabant·</span> <span class='ocrx_word' id='word_1_133' title='bbox 1237 1312 1352 1368; x_wconf 92' lang='lat' dir='ltr'>quod</span> <span class='ocrx_word' id='word_1_134' title='bbox 1373 1311 1555 1354; x_wconf 89' lang='lat' dir='ltr'>virorum</span> <span class='ocrx_word' id='word_1_135' title='bbox 1574 1310 1786 1360; x_wconf 81' lang='lat' dir='ltr'>bonorum</span> 
     </span>
     <span class='ocr_line' id='line_1_18' title="bbox 421 1375 1802 1435; baseline 0.002 -15"><span class='ocrx_word' id='word_1_136' title='bbox 421 1393 527 1435; x_wconf 88' lang='lat' dir='ltr'>opus</span> <span class='ocrx_word' id='word_1_137' title='bbox 546 1393 595 1420; x_wconf 88' lang='lat' dir='ltr'>ac</span> <span class='ocrx_word' id='word_1_138' title='bbox 617 1392 771 1420; x_wconf 89' lang='lat' dir='ltr'>munus</span> <span class='ocrx_word' id='word_1_139' title='bbox 778 1375 863 1419; x_wconf 87' lang='lat' dir='ltr'>est.</span> <span class='ocrx_word' id='word_1_140' title='bbox 922 1378 1189 1435; x_wconf 87' lang='lat' dir='ltr'>Posteaquam</span> <span class='ocrx_word' id='word_1_141' title='bbox 1219 1394 1317 1426; x_wconf 91' lang='lat' dir='ltr'>vero</span> <span class='ocrx_word' id='word_1_142' title='bbox 1347 1379 1471 1425; x_wconf 90' lang='lat' dir='ltr'>multi</span> <span class='ocrx_word' id='word_1_143' title='bbox 1498 1379 1651 1424; x_wconf 85' lang='lat' dir='ltr'>virtute</span> <span class='ocrx_word' id='word_1_144' title='bbox 1670 1380 1802 1427; x_wconf 38' lang='lat' dir='ltr'>fimi*</span> 
     </span>
     <span class='ocr_line' id='line_1_19' title="bbox 421 1444 1783 1504; baseline 0.002 -17"><span class='ocrx_word' id='word_1_145' title='bbox 421 1445 484 1488; x_wconf 89' lang='lat' dir='ltr'>les</span> <span class='ocrx_word' id='word_1_146' title='bbox 502 1445 685 1488; x_wconf 89' lang='lat' dir='ltr'>exfistere</span> <span class='ocrx_word' id='word_1_147' title='bbox 713 1453 947 1503; x_wconf 85' lang='lat' dir='ltr'>coeperunt,</span> <span class='ocrx_word' id='word_1_148' title='bbox 968 1444 1073 1488; x_wconf 90' lang='lat' dir='ltr'>ferre</span> <span class='ocrx_word' id='word_1_149' title='bbox 1096 1445 1185 1502; x_wconf 88' lang='lat' dir='ltr'>jam</span> <span class='ocrx_word' id='word_1_150' title='bbox 1217 1461 1366 1504; x_wconf 86' lang='lat' dir='ltr'>regum</span> <span class='ocrx_word' id='word_1_151' title='bbox 1399 1447 1667 1494; x_wconf 84' lang='lat' dir='ltr'>dominatum</span> <span class='ocrx_word' id='word_1_152' title='bbox 1696 1463 1783 1496; x_wconf 81' lang='lat' dir='ltr'>non</span> 
     </span>
     <span class='ocr_line' id='line_1_20' title="bbox 420 1507 1783 1570; baseline 0.004 -16"><span class='ocrx_word' id='word_1_153' title='bbox 420 1521 665 1569; x_wconf 85' lang='lat' dir='ltr'>potuerunt,</span> <span class='ocrx_word' id='word_1_154' title='bbox 701 1512 769 1555; x_wconf 91' lang='lat' dir='ltr'>sed</span> <span class='ocrx_word' id='word_1_155' title='bbox 801 1527 1027 1555; x_wconf 87' lang='lat' dir='ltr'>commune</span> <span class='ocrx_word' id='word_1_156' title='bbox 1061 1513 1260 1570; x_wconf 79' lang='lat' dir='ltr'>quiddam</span> <span class='ocrx_word' id='word_1_157' title='bbox 1294 1513 1586 1570; x_wconf 82' lang='lat' dir='ltr'>quaefiverunt,</span> <span class='ocrx_word' id='word_1_158' title='bbox 1623 1523 1668 1558; x_wconf 90' lang='lat' dir='ltr'>et</span> <span class='ocrx_word' id='word_1_159' title='bbox 1698 1507 1783 1561; x_wconf 74' lang='lat' dir='ltr'>rei-</span> 
     </span>
     <span class='ocr_line' id='line_1_21' title="bbox 420 1578 1783 1636; baseline 0.004 -15"><span class='ocrx_word' id='word_1_160' title='bbox 420 1579 600 1636; x_wconf 85' lang='lat' dir='ltr'>publicae</span> <span class='ocrx_word' id='word_1_161' title='bbox 622 1578 954 1625; x_wconf 74' lang='lat' dir='ltr'>administrandae</span> <span class='ocrx_word' id='word_1_162' title='bbox 982 1578 1158 1622; x_wconf 89' lang='lat' dir='ltr'>formam</span> <span class='ocrx_word' id='word_1_163' title='bbox 1190 1580 1470 1627; x_wconf 85' lang='lat' dir='ltr'>instituerunt.</span> <span class='ocrx_word' id='word_1_164' title='bbox 1529 1582 1618 1625; x_wconf 85' lang='lat' dir='ltr'>Ubi</span> <span class='ocrx_word' id='word_1_165' title='bbox 1639 1591 1783 1632; x_wconf 85' lang='lat' dir='ltr'>autem</span> 
     </span>
     <span class='ocr_line' id='line_1_22' title="bbox 419 1642 1779 1710; baseline 0.004 -22"><span class='ocrx_word' id='word_1_166' title='bbox 419 1646 647 1689; x_wconf 84' lang='lat' dir='ltr'>deteriores</span> <span class='ocrx_word' id='word_1_167' title='bbox 681 1647 819 1689; x_wconf 63' lang='lat' dir='ltr'>effecti</span> <span class='ocrx_word' id='word_1_168' title='bbox 853 1647 1055 1703; x_wconf 83' lang='lat' dir='ltr'>quaestum</span> <span class='ocrx_word' id='word_1_169' title='bbox 1085 1661 1109 1688; x_wconf 93' lang='lat' dir='ltr'>e</span> <span class='ocrx_word' id='word_1_170' title='bbox 1141 1642 1354 1704; x_wconf 72' lang='lat' dir='ltr'>republica</span> <span class='ocrx_word' id='word_1_171' title='bbox 1382 1647 1518 1695; x_wconf 81' lang='lat' dir='ltr'>facere</span> <span class='ocrx_word' id='word_1_172' title='bbox 1547 1659 1779 1710; x_wconf 78' lang='lat' dir='ltr'>coeperunt,</span> 
     </span>
     <span class='ocr_line' id='line_1_23' title="bbox 419 1713 1781 1773; baseline 0.004 -18"><span class='ocrx_word' id='word_1_173' title='bbox 419 1713 522 1762; x_wconf 85' lang='lat' dir='ltr'>hinc</span> <span class='ocrx_word' id='word_1_174' title='bbox 554 1714 769 1771; x_wconf 85' lang='lat' dir='ltr'>probabile</span> <span class='ocrx_word' id='word_1_175' title='bbox 804 1715 860 1757; x_wconf 87' lang='lat' dir='ltr'>est</span> <span class='ocrx_word' id='word_1_176' title='bbox 893 1713 971 1758; x_wconf 80' lang='lat' dir='ltr'>effe</span> <span class='ocrx_word' id='word_1_177' title='bbox 1010 1722 1109 1761; x_wconf 79' lang='lat' dir='ltr'>nata</span> <span class='ocrx_word' id='word_1_178' title='bbox 1145 1728 1374 1771; x_wconf 84' lang='lat' dir='ltr'>paucorum</span> <span class='ocrx_word' id='word_1_179' title='bbox 1412 1715 1603 1773; x_wconf 79' lang='lat' dir='ltr'>imperia.</span> <span class='ocrx_word' id='word_1_180' title='bbox 1629 1723 1632 1727; x_wconf 81' lang='grc'><strong>’</strong></span> <span class='ocrx_word' id='word_1_181' title='bbox 1659 1718 1781 1769; x_wconf 75' lang='lat' dir='ltr'>Fecit</span> 
     </span>
     <span class='ocr_line' id='line_1_24' title="bbox 418 1780 1783 1836; baseline 0.004 -14"><span class='ocrx_word' id='word_1_182' title='bbox 418 1781 533 1829; x_wconf 80' lang='lat' dir='ltr'>enim</span> <span class='ocrx_word' id='word_1_183' title='bbox 555 1796 604 1830; x_wconf 87' lang='lat' dir='ltr'>ea</span> <span class='ocrx_word' id='word_1_184' title='bbox 621 1796 686 1826; x_wconf 84' lang='lat' dir='ltr'>res</span> <span class='ocrx_word' id='word_1_185' title='bbox 706 1789 753 1823; x_wconf 89' lang='lat' dir='ltr'>ut</span> <span class='ocrx_word' id='word_1_186' title='bbox 773 1780 933 1827; x_wconf 84' lang='lat' dir='ltr'>divitiae</span> <span class='ocrx_word' id='word_1_187' title='bbox 952 1780 1080 1822; x_wconf 82' lang='lat' dir='ltr'>effent</span> <span class='ocrx_word' id='word_1_188' title='bbox 1099 1780 1141 1822; x_wconf 88' lang='lat' dir='ltr'>in</span> <span class='ocrx_word' id='word_1_189' title='bbox 1163 1780 1295 1836; x_wconf 82' lang='lat' dir='ltr'>pretio</span> <span class='ocrx_word' id='word_1_190' title='bbox 1324 1791 1369 1823; x_wconf 92' lang='lat' dir='ltr'>et</span> <span class='ocrx_word' id='word_1_191' title='bbox 1395 1781 1572 1829; x_wconf 76' lang='lat' dir='ltr'>honore.</span> <span class='ocrx_word' id='word_1_192' title='bbox 1628 1783 1695 1833; x_wconf 83' lang='lat' dir='ltr'>Ex</span> <span class='ocrx_word' id='word_1_193' title='bbox 1713 1784 1783 1828; x_wconf 74' lang='lat' dir='ltr'>his</span> 
     </span>
     <span class='ocr_line' id='line_1_25' title="bbox 417 1847 1781 1908; baseline 0.004 -19"><span class='ocrx_word' id='word_1_194' title='bbox 417 1856 559 1893; x_wconf 89' lang='lat' dir='ltr'>autem</span> <span class='ocrx_word' id='word_1_195' title='bbox 581 1848 623 1889; x_wconf 89' lang='lat' dir='ltr'>in</span> <span class='ocrx_word' id='word_1_196' title='bbox 644 1847 886 1905; x_wconf 81' lang='lat' dir='ltr'>tyrannidas</span> <span class='ocrx_word' id='word_1_197' title='bbox 906 1847 1089 1903; x_wconf 84' lang='lat' dir='ltr'>primum</span> <span class='ocrx_word' id='word_1_198' title='bbox 1113 1847 1397 1904; x_wconf 84' lang='lat' dir='ltr'>migraverunt</span> <span class='ocrx_word' id='word_1_199' title='bbox 1415 1864 1426 1894; x_wconf 71' lang='grc' dir='ltr'><strong>ε</strong></span> <span class='ocrx_word' id='word_1_200' title='bbox 1456 1863 1510 1896; x_wconf 81' lang='lat' dir='ltr'>ex</span> <span class='ocrx_word' id='word_1_201' title='bbox 1530 1849 1781 1908; x_wconf 79' lang='lat' dir='ltr'>tyrannibus</span> 
     </span>
     <span class='ocr_line' id='line_1_26' title="bbox 417 1914 1778 1971; baseline 0.004 -13"><span class='ocrx_word' id='word_1_202' title='bbox 417 1930 515 1958; x_wconf 88' lang='lat' dir='ltr'>vero</span> <span class='ocrx_word' id='word_1_203' title='bbox 544 1916 587 1957; x_wconf 89' lang='lat' dir='ltr'>in</span> <span class='ocrx_word' id='word_1_204' title='bbox 615 1915 931 1966; x_wconf 84' lang='lat' dir='ltr'>democratiam,</span> <span class='ocrx_word' id='word_1_205' title='bbox 951 1914 1019 1956; x_wconf 90' lang='lat' dir='ltr'>seu</span> <span class='ocrx_word' id='word_1_206' title='bbox 1049 1914 1193 1971; x_wconf 91' lang='lat' dir='ltr'>populi</span> <span class='ocrx_word' id='word_1_207' title='bbox 1227 1916 1486 1971; x_wconf 75' lang='lat' dir='ltr'>potestatem,</span> <span class='ocrx_word' id='word_1_208' title='bbox 1542 1917 1658 1962; x_wconf 82' lang='lat' dir='ltr'>Nam</span> <span class='ocrx_word' id='word_1_209' title='bbox 1677 1933 1778 1966; x_wconf 82' lang='lat' dir='ltr'>cum</span> 
     </span>
     <span class='ocr_line' id='line_1_27' title="bbox 415 1981 1777 2045; baseline 0.003 -21"><span class='ocrx_word' id='word_1_210' title='bbox 415 1994 585 2040; x_wconf 83' lang='lat' dir='ltr'>propter</span> <span class='ocrx_word' id='word_1_211' title='bbox 605 1983 736 2040; x_wconf 87' lang='lat' dir='ltr'>turpis</span> <span class='ocrx_word' id='word_1_212' title='bbox 755 1982 860 2029; x_wconf 89' lang='lat' dir='ltr'>lucri</span> <span class='ocrx_word' id='word_1_213' title='bbox 883 1981 1058 2028; x_wconf 85' lang='lat' dir='ltr'>studium</span> <span class='ocrx_word' id='word_1_214' title='bbox 1090 1982 1389 2045; x_wconf 87' lang='lat' dir='ltr'>rempublicam</span> <span class='ocrx_word' id='word_1_215' title='bbox 1421 1983 1583 2042; x_wconf 85' lang='lat' dir='ltr'>semper</span> <span class='ocrx_word' id='word_1_216' title='bbox 1600 1984 1653 2028; x_wconf 79' lang='lat' dir='ltr'>ad</span> <span class='ocrx_word' id='word_1_217' title='bbox 1671 1999 1777 2044; x_wconf 52' lang='lat' dir='ltr'>pau*</span> 
     </span>
     <span class='ocr_line' id='line_1_28' title="bbox 416 2048 1778 2108; baseline -0.002 -14"><span class='ocrx_word' id='word_1_218' title='bbox 416 2051 550 2095; x_wconf 81' lang='lat' dir='ltr'>ciores</span> <span class='ocrx_word' id='word_1_219' title='bbox 585 2050 838 2108; x_wconf 84' lang='lat' dir='ltr'>redigerent,</span> <span class='ocrx_word' id='word_1_220' title='bbox 874 2048 1193 2098; x_wconf 82' lang='lat' dir='ltr'>multitudinem</span> <span class='ocrx_word' id='word_1_221' title='bbox 1222 2050 1492 2099; x_wconf 87' lang='lat' dir='ltr'>robustiorem</span> <span class='ocrx_word' id='word_1_222' title='bbox 1521 2065 1572 2094; x_wconf 87' lang='lat' dir='ltr'>ac</span> <span class='ocrx_word' id='word_1_223' title='bbox 1599 2051 1778 2097; x_wconf 79' lang='lat' dir='ltr'>validio-</span> 
     </span>
     <span class='ocr_line' id='line_1_29' title="bbox 415 2115 1781 2178; baseline 0.001 -17"><span class='ocrx_word' id='word_1_224' title='bbox 415 2134 507 2161; x_wconf 87' lang='lat' dir='ltr'>rem</span> <span class='ocrx_word' id='word_1_225' title='bbox 524 2118 813 2169; x_wconf 79' lang='lat' dir='ltr'>reddiderunt,</span> <span class='ocrx_word' id='word_1_226' title='bbox 841 2117 900 2160; x_wconf 87' lang='lat' dir='ltr'>ita</span> <span class='ocrx_word' id='word_1_227' title='bbox 927 2125 975 2163; x_wconf 85' lang='lat' dir='ltr'>ut</span> <span class='ocrx_word' id='word_1_228' title='bbox 1005 2131 1053 2163; x_wconf 87' lang='lat' dir='ltr'>ea</span> <span class='ocrx_word' id='word_1_229' title='bbox 1084 2115 1128 2164; x_wconf 87' lang='lat' dir='ltr'>in</span> <span class='ocrx_word' id='word_1_230' title='bbox 1158 2126 1383 2173; x_wconf 86' lang='lat' dir='ltr'>tyrannum</span> <span class='ocrx_word' id='word_1_231' title='bbox 1416 2117 1624 2173; x_wconf 84' lang='lat' dir='ltr'>invaserit,</span> <span class='ocrx_word' id='word_1_232' title='bbox 1645 2119 1781 2178; x_wconf 77' lang='lat' dir='ltr'>impe..</span> 
     </span>
     <span class='ocr_line' id='line_1_30' title="bbox 416 2178 1780 2243; baseline 0.001 -15"><span class='ocrx_word' id='word_1_233' title='bbox 416 2195 595 2243; x_wconf 87' lang='lat' dir='ltr'>tumque</span> <span class='ocrx_word' id='word_1_234' title='bbox 615 2185 776 2235; x_wconf 84' lang='lat' dir='ltr'>fecerit,</span> <span class='ocrx_word' id='word_1_235' title='bbox 797 2183 1023 2242; x_wconf 88' lang='lat' dir='ltr'>populique</span> <span class='ocrx_word' id='word_1_236' title='bbox 1044 2184 1262 2239; x_wconf 79' lang='lat' dir='ltr'>potestates</span> <span class='ocrx_word' id='word_1_237' title='bbox 1281 2184 1350 2232; x_wconf 88' lang='lat' dir='ltr'>seu</span> <span class='ocrx_word' id='word_1_238' title='bbox 1372 2178 1640 2236; x_wconf 80' lang='lat' dir='ltr'>democratiae</span> <span class='ocrx_word' id='word_1_239' title='bbox 1669 2196 1780 2239; x_wconf 63' lang='lat' dir='ltr'>nata}</span> 
     </span>
     <span class='ocr_line' id='line_1_31' title="bbox 417 2249 1779 2312; baseline 0.002 -19"><span class='ocrx_word' id='word_1_240' title='bbox 417 2253 509 2297; x_wconf 74' lang='lat' dir='ltr'>sint.</span> <span class='ocrx_word' id='word_1_241' title='bbox 571 2252 835 2309; x_wconf 87' lang='lat' dir='ltr'>Posteaquam</span> <span class='ocrx_word' id='word_1_242' title='bbox 865 2259 1006 2297; x_wconf 90' lang='lat' dir='ltr'>autem</span> <span class='ocrx_word' id='word_1_243' title='bbox 1038 2249 1192 2297; x_wconf 87' lang='lat' dir='ltr'>accidit</span> <span class='ocrx_word' id='word_1_244' title='bbox 1220 2259 1269 2306; x_wconf 90' lang='lat' dir='ltr'>ut</span> <span class='ocrx_word' id='word_1_245' title='bbox 1297 2249 1490 2295; x_wconf 87' lang='lat' dir='ltr'>civitates</span> <span class='ocrx_word' id='word_1_246' title='bbox 1513 2252 1779 2312; x_wconf 79' lang='lat' dir='ltr'>amplificatae</span> 
     </span>
     <span class='ocr_line' id='line_1_32' title="bbox 418 2316 1777 2376; baseline 0.003 -15"><span class='ocrx_word' id='word_1_247' title='bbox 418 2328 546 2376; x_wconf 86' lang='lat' dir='ltr'>atque</span> <span class='ocrx_word' id='word_1_248' title='bbox 566 2319 700 2366; x_wconf 63' lang='lat' dir='ltr'>aueiae</span> <span class='ocrx_word' id='word_1_249' title='bbox 725 2318 826 2364; x_wconf 76' lang='lat' dir='ltr'>sint:</span> <span class='ocrx_word' id='word_1_250' title='bbox 859 2316 1021 2364; x_wconf 73' lang='lat' dir='ltr'>fortasse</span> <span class='ocrx_word' id='word_1_251' title='bbox 1050 2331 1102 2363; x_wconf 85' lang='lat' dir='ltr'>ne</span> <span class='ocrx_word' id='word_1_252' title='bbox 1130 2316 1253 2364; x_wconf 84' lang='lat' dir='ltr'>facile</span> <span class='ocrx_word' id='word_1_253' title='bbox 1282 2318 1454 2374; x_wconf 84' lang='lat' dir='ltr'>quidem</span> <span class='ocrx_word' id='word_1_254' title='bbox 1474 2318 1531 2368; x_wconf 82' lang='lat' dir='ltr'>est</span> <span class='ocrx_word' id='word_1_255' title='bbox 1548 2318 1672 2368; x_wconf 81' lang='lat' dir='ltr'>aliam</span> <span class='ocrx_word' id='word_1_256' title='bbox 1701 2336 1777 2365; x_wconf 88' lang='lat' dir='ltr'>ex-</span> 
     </span>
     <span class='ocr_line' id='line_1_33' title="bbox 416 2383 1778 2453; baseline 0.004 -26"><span class='ocrx_word' id='word_1_257' title='bbox 416 2387 548 2433; x_wconf 82' lang='lat' dir='ltr'>fistere</span> <span class='ocrx_word' id='word_1_258' title='bbox 587 2383 828 2442; x_wconf 82' lang='lat' dir='ltr'>reipublicae</span> <span class='ocrx_word' id='word_1_259' title='bbox 865 2383 1198 2431; x_wconf 64' lang='lat' dir='ltr'>administrandae</span> <span class='ocrx_word' id='word_1_260' title='bbox 1238 2384 1431 2438; x_wconf 84' lang='lat' dir='ltr'>formam,</span> <span class='ocrx_word' id='word_1_261' title='bbox 1465 2401 1592 2451; x_wconf 76' lang='lat' dir='ltr'>quarn</span> <span class='ocrx_word' id='word_1_262' title='bbox 1631 2388 1778 2453; x_wconf 85' lang='lat' dir='ltr'>populi</span> 
     </span>
     <span class='ocr_line' id='line_1_34' title="bbox 414 2447 1777 2510; baseline 0.003 -16"><span class='ocrx_word' id='word_1_263' title='bbox 414 2451 662 2508; x_wconf 85' lang='lat' dir='ltr'>potentiam.</span> <span class='ocrx_word' id='word_1_264' title='bbox 722 2451 767 2492; x_wconf 89' lang='lat' dir='ltr'>Si</span> <span class='ocrx_word' id='word_1_265' title='bbox 801 2450 897 2507; x_wconf 89' lang='lat' dir='ltr'>quis</span> <span class='ocrx_word' id='word_1_266' title='bbox 929 2460 1071 2499; x_wconf 85' lang='lat' dir='ltr'>autem</span> <span class='ocrx_word' id='word_1_267' title='bbox 1107 2449 1150 2497; x_wconf 86' lang='lat' dir='ltr'>in</span> <span class='ocrx_word' id='word_1_268' title='bbox 1186 2449 1423 2500; x_wconf 85' lang='lat' dir='ltr'>civitatibus</span> <span class='ocrx_word' id='word_1_269' title='bbox 1455 2452 1665 2510; x_wconf 87' lang='lat' dir='ltr'>optimum</span> <span class='ocrx_word' id='word_1_270' title='bbox 1695 2447 1777 2498; x_wconf 78' lang='lat' dir='ltr'>effe</span> 
     </span>
     <span class='ocr_line' id='line_1_35' title="bbox 416 2516 1775 2575; baseline 0.004 -16"><span class='ocrx_word' id='word_1_271' title='bbox 416 2520 565 2563; x_wconf 85' lang='lat' dir='ltr'>statuat</span> <span class='ocrx_word' id='word_1_272' title='bbox 597 2533 622 2560; x_wconf 94' lang='lat' dir='ltr'>a</span> <span class='ocrx_word' id='word_1_273' title='bbox 658 2518 831 2575; x_wconf 87' lang='lat' dir='ltr'>regibus</span> <span class='ocrx_word' id='word_1_274' title='bbox 863 2517 1107 2574; x_wconf 87' lang='lat' dir='ltr'>gubernari,</span> <span class='ocrx_word' id='word_1_275' title='bbox 1140 2516 1241 2573; x_wconf 88' lang='lat' dir='ltr'>quid</span> <span class='ocrx_word' id='word_1_276' title='bbox 1275 2516 1348 2560; x_wconf 87' lang='lat' dir='ltr'>fiet</span> <span class='ocrx_word' id='word_1_277' title='bbox 1379 2533 1525 2566; x_wconf 87' lang='lat' dir='ltr'>eorum</span> <span class='ocrx_word' id='word_1_278' title='bbox 1559 2519 1690 2567; x_wconf 79' lang='lat' dir='ltr'>filiis?</span> <span class='ocrx_word' id='word_1_279' title='bbox 1721 2537 1775 2565; x_wconf 89' lang='lat' dir='ltr'>an</span> 
     </span>
     <span class='ocr_line' id='line_1_36' title="bbox 415 2575 1774 2649; baseline 0.002 -21"><span class='ocrx_word' id='word_1_280' title='bbox 415 2587 542 2632; x_wconf 87' lang='lat' dir='ltr'>etiam</span> <span class='ocrx_word' id='word_1_281' title='bbox 570 2601 705 2645; x_wconf 86' lang='lat' dir='ltr'>genus</span> <span class='ocrx_word' id='word_1_282' title='bbox 736 2600 784 2632; x_wconf 86' lang='lat' dir='ltr'>ac</span> <span class='ocrx_word' id='word_1_283' title='bbox 816 2585 1000 2634; x_wconf 71' lang='lat' dir='ltr'>sobolem</span> <span class='ocrx_word' id='word_1_284' title='bbox 1032 2599 1207 2642; x_wconf 83' lang='lat' dir='ltr'>regnare</span> <span class='ocrx_word' id='word_1_285' title='bbox 1234 2587 1428 2643; x_wconf 86' lang='lat' dir='ltr'>oportet?</span> <span class='ocrx_word' id='word_1_286' title='bbox 1460 2586 1595 2649; x_wconf 78' lang='lat' dir='ltr'>Atqui</span> <span class='ocrx_word' id='word_1_287' title='bbox 1626 2587 1651 2635; x_wconf 86' lang='lat' dir='ltr'><strong>fi</strong></span> <span class='ocrx_word' id='word_1_288' title='bbox 1681 2575 1774 2644; x_wconf 68' lang='lat' dir='ltr'>nas-⁸</span> 
     </span>
     <span class='ocr_line' id='line_1_37' title="bbox 415 2651 1778 2710; baseline 0.001 -13"><span class='ocrx_word' id='word_1_289' title='bbox 415 2665 564 2705; x_wconf 79' lang='lat' dir='ltr'>centur</span> <span class='ocrx_word' id='word_1_290' title='bbox 596 2654 670 2698; x_wconf 88' lang='lat' dir='ltr'>filii</span> <span class='ocrx_word' id='word_1_291' title='bbox 701 2653 806 2710; x_wconf 80' lang='lat' dir='ltr'>patri</span> <span class='ocrx_word' id='word_1_292' title='bbox 836 2651 1048 2702; x_wconf 79' lang='lat' dir='ltr'>diflimiles</span> <span class='ocrx_word' id='word_1_293' title='bbox 1076 2667 1125 2700; x_wconf 84' lang='lat' dir='ltr'>ac</span> <span class='ocrx_word' id='word_1_294' title='bbox 1155 2651 1401 2710; x_wconf 87' lang='lat' dir='ltr'>degeneres,</span> <span class='ocrx_word' id='word_1_295' title='bbox 1422 2653 1699 2710; x_wconf 80' lang='lat' dir='ltr'>perniciosum</span> <span class='ocrx_word' id='word_1_296' title='bbox 1719 2657 1778 2706; x_wconf 85' lang='lat' dir='ltr'>est</span> 
     </span>
     <span class='ocr_line' id='line_1_38' title="bbox 413 2719 1772 2781; baseline 0.002 -17"><span class='ocrx_word' id='word_1_297' title='bbox 413 2737 487 2774; x_wconf 77' lang='lat' dir='ltr'>eos</span> <span class='ocrx_word' id='word_1_298' title='bbox 516 2736 705 2781; x_wconf 86' lang='lat' dir='ltr'>regnare.</span> <span class='ocrx_word' id='word_1_299' title='bbox 763 2721 824 2764; x_wconf 81' lang='lat' dir='ltr'>At</span> <span class='ocrx_word' id='word_1_300' title='bbox 853 2735 936 2761; x_wconf 87' lang='lat' dir='ltr'>non</span> <span class='ocrx_word' id='word_1_301' title='bbox 967 2719 1187 2776; x_wconf 87' lang='lat' dir='ltr'>relinquet</span> <span class='ocrx_word' id='word_1_302' title='bbox 1196 2734 1270 2761; x_wconf 86' lang='lat' dir='ltr'>rex</span> <span class='ocrx_word' id='word_1_303' title='bbox 1289 2719 1391 2762; x_wconf 90' lang='lat' dir='ltr'>tales</span> <span class='ocrx_word' id='word_1_304' title='bbox 1412 2720 1517 2762; x_wconf 88' lang='lat' dir='ltr'>filios</span> <span class='ocrx_word' id='word_1_305' title='bbox 1537 2722 1657 2780; x_wconf 85' lang='lat' dir='ltr'>regni</span> <span class='ocrx_word' id='word_1_306' title='bbox 1677 2723 1772 2767; x_wconf 85' lang='lat' dir='ltr'>suc-</span> 
     </span>
     <span class='ocr_line' id='line_1_39' title="bbox 413 2774 1777 2853; baseline -0.001 -19"><span class='ocrx_word' id='word_1_307' title='bbox 413 2790 601 2844; x_wconf 75' lang='lat' dir='ltr'>cefforeS‚</span> <span class='ocrx_word' id='word_1_308' title='bbox 620 2805 720 2840; x_wconf 80' lang='lat' dir='ltr'>cum</span> <span class='ocrx_word' id='word_1_309' title='bbox 741 2788 811 2838; x_wconf 85' lang='lat' dir='ltr'>fit</span> <span class='ocrx_word' id='word_1_310' title='bbox 801 2803 845 2830; x_wconf 82' lang='grc' dir='ltr'>ιιι</span> <span class='ocrx_word' id='word_1_311' title='bbox 865 2788 955 2853; x_wconf 85' lang='lat' dir='ltr'>ejus</span> <span class='ocrx_word' id='word_1_312' title='bbox 973 2785 1172 2852; x_wconf 87' lang='lat' dir='ltr'>potestate</span> <span class='ocrx_word' id='word_1_313' title='bbox 1192 2774 1369 2852; x_wconf 81' lang='lat' dir='ltr'>posituin</span> <span class='ocrx_word' id='word_1_314' title='bbox 1399 2781 1480 2830; x_wconf 86' lang='lat' dir='ltr'>hoc</span> <span class='ocrx_word' id='word_1_315' title='bbox 1505 2781 1656 2838; x_wconf 81' lang='lat' dir='ltr'>facere.</span> <span class='ocrx_word' id='word_1_316' title='bbox 1712 2791 1777 2842; x_wconf 73' lang='lat' dir='ltr'>At</span> 
     </span>
    </p>
   </div>
  </div>
 </body>
</html>
