1898 3308
466 163 1033 210 DEREPUBLICA
1078 165 1135 209 v.
1169 178 1238 207 10.
1444 166 1530 223 567,

258 293 533 346 move&
589 286 688 338 ,Iam
718 300 817 329 vero
845 300 995 329 eorum
1010 287 1099 345 qui
1130 287 1378 341 irascuntur,
1399 287 1532 346 pleri-

129 349 336 417 ,msere
353 369 504 401 omnes
523 348 814 406 ulciscendae
802 353 975 429 mjuriae
996 363 1180 412 acceptae
1201 355 1339 413 gratia
1358 356 1401 398 in
1423 357 1532 398 alte-

142 431 262 500 ἔψη
260 419 524 477 invadunt,
530 437 617 466 non
652 422 940 480 praestantiae:
961 412 1150 480 ’exempli
1185 423 1363 476 causa,
1353 440 1397 466 m
1433 424 1531 468 Pifi-

138 483 364 553 &judas
351 500 541 550 impetus
568 490 706 535 factus
735 492 813 543 est,
827 499 1065 548 propterea·
1076 489 1193 549 quod
1219 491 1446 533 Harmodii
1467 492 1531 534 so-

36 547 55 564 i*
123 570 305 608 ‘mrem
300 559 475 618 probro
505 568 552 602 et
584 559 793 602 dedecore
823 558 1067 609 affecerant,
1097 567 1142 600 et
1178 558 1417 600 Harmodio
1448 560 1531 602 stu-

139 635 279 689 W
285 625 443 675 inferre
470 627 614 670 conati
645 637 783 670 erant.
843 627 980 669 Nam
993 625 1256 668 Harmodius
1277 635 1447 683 propter
1466 627 1531 669 so-

139 706 307 757 mrem,
318 683 584 756 Aristogiton
615 705 784 753 propter
815 693 1155 746 Harmodium,
1145 709 1188 735 m
1219 709 1294 736 eos
1325 695 1533 752 impetum

140 761 367 811 fecerunt.
395 763 599 809 Infidiati
629 763 727 808 sunt
759 762 890 807 etiam
925 761 1149 805 Periandro
1185 762 1432 806 Ambraciae
1464 772 1533 820 ty-

140 844 298 907 manc,
307 822 530 892 propterea
550 833 666 892 quod
697 834 808 876 inter
837 831 1172 890 compotandum
1195 847 1294 874 cum
1322 847 1406 874 una
1435 832 1536 876 esset

141 914 269 963 puer
277 915 438 963 quem
452 901 525 946 ille
559 902 603 945 in
641 902 804 946 deliciis
850 901 1052 953 habebat,
1092 899 1339 958 quaefiviffet
1377 902 1431 944 ab
1470 917 1537 954 e0,

142 958 402 1032 effetuejam
422 985 475 1014 ex
495 971 534 1014 se
555 986 778 1029 praegnans
799 972 812 1012 ?
847 972 944 1013 Jam
974 969 1169 1027 Philippo
1199 984 1223 1011 a
1255 970 1480 1012 Pausania'
1471 985 1534 1012 ic-

145 1037 261 1083 circo
281 1039 345 1082 vis
363 1039 483 1083 illata
502 1040 576 1093 est,
598 1039 700 1098 quia
721 1055 819 1081 eum
843 1039 1018 1097 impune
1037 1037 1300 1081 contumelia
1329 1047 1374 1080 et
1403 1038 1535 1081 dede-

144 1121 244 1151 core
261 1097 462 1152 affectum
481 1108 560 1151 effe
580 1109 634 1151 ab
656 1108 804 1150 Attalo
825 1107 959 1166 paffus
989 1106 1120 1150 effet·
1153 1115 1198 1149 et
1218 1107 1441 1164 Amyntae,
1461 1107 1537 1166 qui

145 1187 439 1237 cognomento
469 1193 622 1237 parvus
653 1178 794 1222 dietus
827 1179 900 1230 est,
932 1192 956 1219 a
987 1177 1148 1230 Derda,
1171 1176 1272 1235 quia
1301 1177 1414 1220 sein
1446 1177 1537 1236 ejus

145 1254 317 1307 atatem
337 1247 546 1305 puerilem
568 1248 753 1306 gloriose
764 1245 1027 1305 jactavisset·
1059 1254 1104 1288 et
1125 1245 1338 1288 Eunucho
1359 1247 1413 1289 ab
1434 1247 1539 1288 Eva-

142 1329 255 1375 gom
285 1316 463 1374 Cyprio.
522 1318 640 1359 Nam
675 1325 895 1373 propterea
928 1314 1045 1372 quod
1081 1329 1186 1357 uxor
1220 1314 1313 1357 fibi·
1332 1315 1386 1357 ab
1423 1314 1540 1358 illius

147 1383 465 1443 filio,adempta
496 1385 613 1437 effet,
647 1399 746 1427 eum
778 1382 1008 1437 interfecit,
1042 1391 1247 1442 tanquam
1276 1383 1541 1426 contumelia

146 1461 338 1516 aceepta3
393 1453 557 1504 Multae
585 1453 714 1497 etiam
748 1453 1034 1511 impreffiones
1054 1452 1177 1495 factae
1207 1452 1302 1495 sunt
1329 1451 1377 1495 in
1408 1453 1538 1511 quos-

3 1539 5 1542 ⁴
70 1579 71 1582 Ἴ
145 1520 258 1580 dam·
277 1518 503 1581 principes.
523 1521 795 1579 monarchos,
824 1529 1046 1578 propterea
1074 1520 1190 1578 quod
1222 1520 1350 1563 alicui
1370 1520 1538 1577 pudici-

146 1588 269 1648 ἕψῃ,
288 1604 468 1648 ροιροιε
497 1589 590 1649 ejus
619 1590 905 1648 constuprato,
932 1588 1203 1646 eripuifl'ent:
1235 1588 1354 1631 verbi
1383 1589 1538 1647 gratia,
1554 1599 1657 1640 212

148 1673 175 1703 a
204 1658 374 1715 Crntaeo
399 1659 444 1718 in
465 1658 755 1702 Archelaum.·
806 1659 982 1715 Semper
1009 1657 1123 1700 enim
1155 1657 1414 1715 graviter-et
1442 1647 1539 1701 moss

148 1725 250 1771 leste
267 1725 444 1783 ferebat,
458 1726 584 1774 illum
606 1725 748 1770 secum
769 1725 893 1783 stupri
914 1725 1037 1768 causa
1056 1724 1330 1768 commisceri.
1393 1727 1542 1783 Itaque
1588 1719 1592 1724 ’

149 1795 348 1854 quamvis
378 1794 508 1854 longe
538 1795 678 1838 minor
707 1794 808 1838 effet
837 1794 909 1836 hic
939 1802 1187 1851 praetextus,
1209 1793 1429 1852 leviorque
1450 1794 1543 1838 haec

77 1855 80 1859 ⁸
150 1864 300 1909 causa:
327 1863 422 1907 fuit
435 1873 578 1908 tamen
605 1863 704 1906 satis
733 1863 886 1906 idonea
915 1872 960 1905 et
983 1862 1105 1920 justa,
1130 1862 1247 1920 quod
1278 1863 1440 1907 nullam
1471 1864 1543 1907 fibi

151 1948 204 1977 ex
214 1915 423 1977 filisswus
412 1949 455 1976 m
477 1932 800 1977 matrimonium
821 1931 1011 1984 dedisset,
1033 1947 1133 1974 cum
1163 1931 1362 1974 daturum
1384 1932 1424 1975 se
1445 1948 1543 1990 pro-

150 2001 351 2060 mififfet.
394 2001 464 2048 sed
499 2001 703 2059 majorem
741 2009 843 2043 natu
877 1999 1069 2058 quidem,
1111 1999 1242 2052 bello,
1284 2000 1402 2058 quod
1443 2016 1544 2044 eum

100 2092 103 2097 Δ
148 2070 264 2129 Sirra
293 2078 340 2117 et
373 2070 579 2113 Arrabaeo
608 2069 803 2127 gerebat,
838 2068 1099 2126 implicatus,
1134 2068 1311 2110 Elimeae
1342 2070 1434 2126 regi
1465 2069 1543 2111 de-

81 2165 92 2173 ·
143 2138 346 2197 spondit:
379 2138 588 2181 minorem
611 2152 710 2180 vero
732 2138 935 2194 Amyntae
959 2136 1062 2188 filio,
1084 2136 1321 2179 existimans
1342 2136 1432 2180 fore
1461 2137 1546 2180 hoc

149 2208 294 2266 paeto,
314 2217 364 2251 ut
393 2207 468 2250 ille
497 2207 731 2265 praesertim
753 2221 805 2248 ex
828 2205 1056 2262 Cleopatra
1087 2214 1211 2247 natus
1236 2204 1422 2249 'minime
1452 2221 1477 2248 a
1506 2207 1547 2248 se

151 2276 364 2321 diffideret
383 2292 394 2319 ι
425 2276 499 2319 sed
527 2275 795 2322 alienationis
818 2275 940 2332 origo
962 2285 1005 2316 et
1027 2274 1283 2332 principium
1305 2273 1404 2327 fuit,
1427 2275 1546 2333 quod

151 2345 339 2405 graviter
358 2344 532 2403 tuliffet,
551 2344 592 2387 se
612 2343 703 2402 ejus
724 2343 894 2386 libidini
914 2343 967 2385 ad
988 2343 1055 2385 res
1084 2357 1281 2386 venereas
1311 2344 1391 2388 effe
1423 2345 1547 2387 obse-

152 2423 321 2458 cutum.
361 2414 482 2458 Una
501 2427 600 2456 cum
633 2427 685 2454 eo
715 2411 839 2454 illum
873 2411 1049 2454 adortus
1079 2411 1141 2454 est,
1168 2411 1298 2454 etiam
1332 2412 1545 2456 Hellano-

152 2492 290 2527 crates
308 2481 558 2534 ⁴12ariffaeus,
588 2489 759 2538 propter
788 2479 968 2523 eandem
1000 2479 1185 2523 causam.
1246 2480 1336 2523 Ubi
1366 2481 1482 2524 enim
1507 2482 1547 2525 se

151 2551 208 2594 ab
227 2550 320 2604 illo,
340 2550 411 2594 cui
433 2550 518 2594 suae
537 2549 678 2596 yaetatis
709 2549 856 2591 florem
888 2548 1100 2591 utendum
1133 2548 1450 2607 fruendumque
1470 2550 1546 2593 de-

150 2619 288 2673 derat,
322 2620 377 2662 ab
405 2619 566 2663 exsulio
596 2633 684 2661 non
713 2616 898 2660 revocari
928 2617 1068 2665 vidit;
1101 2632 1200 2662 cum
1222 2618 1453 2675 praesertim
1474 2619 1546 2663 ille

152 2687 194 2731 se
214 2687 259 2731 id
279 2687 490 2731 faEturum
510 2686 729 2745 pollicitus
749 2686 866 2738 effet,
886 2685 1238 2730 consuetudinem
1264 2685 1383 2729 illam
1403 2686 1545 2730 secum

153 2757 236 2800 effe
267 2756 519 2810 institutam,
548 2771 634 2799 non
663 2764 836 2813 propter
866 2755 1145 2813 cupiditatem
1177 2756 1444 2809 amatoriam,
1472 2756 1546 2799 sed

155 2833 326 2883 propter
345 2824 668 2880 contumeliam,
688 2823 955 2868 existimavit.
1001 2825 1100 2868 Jam
1121 2825 1225 2868 Paro
1241 2834 1285 2867 et
1302 2825 1545 2869 Heraclidae

788 2906 820 2936 0
841 2907 869 2936 o
887 2906 917 2947 4
