1898 3308
456 181 544 224 sos
882 154 1407 235 Ἰ*Αι-Βιεἰόἰ-Ἤῑαὲ

454 303 551 345 fiam
587 313 756 358 vocant,
788 307 956 362 omiffis,
976 325 1106 354 ‘nunc
1139 311 1183 354 in
1219 312 1299 356 hac
1333 327 1463 372 quam
1492 309 1728 362 rationesve
1760 302 1835 360 tf*
1887 293 1889 295 >

452 371 706 429 suscepimus
743 375 1039 434 disputatione,
1079 381 1279 437 posterius
1325 381 1557 428 videndum
1591 379 1687 435 erit,
1724 379 1837 437 qnid*-

452 440 775 517 respondeamus
793 461 802 487 =
836 445 863 488 fi
893 447 991 504 quis
1012 447 1121 491 forte
1142 449 1194 492 iis
1210 464 1304 506 quae
1323 450 1440 493 diua·
1454 449 1564 503 sunt,
1585 463 1671 499 non
1691 447 1830 496 affet-

454 518 602 553 natur.

1012 640 1018 647 s
1044 629 1248 656 ——oe-

1015 712 1172 757 CAP.
1218 715 1279 758 Π.

1803 671 1813 709 s

453 820 591 876 Docet,
632 823 908 867 beatitudinem
945 827 1105 869 eandem
1141 828 1210 885 ff
1246 829 1545 888 uniuscujusque
1579 826 1751 889 bo'n'zinisw
1768 828 1833 870 'ac'

556 891 731 934 civitatis
744 911 757 935 .-
787 893 943 957 Affinps
962 894 1102 936 deinde
1120 895 1338 954 quaestiones
1358 897 1509 956 aliquot
1525 886 1725 956 Pmpffliit
1787 955 1789 958 ι

513 992 728 1034 UTRUM
749 1002 894 1035 autem
912 993 1136 1036 beatitudo
1165 994 1212 1036 fit
1241 994 1386 1037 eadem
1418 994 1598 1039 dicenda
1625 994 1823 1040 uniuscu-

443 1055 598 1115 jusque
619 1060 806 1102 hominis
824 1070 953 1117 atque
981 1061 1182 1114 civitatis,
1204 1077 1351 1114 necne,
1373 1061 1585 1119 reliquum
1603 1062 1662 1105 est
1679 1071 1823 1107 unex-

450 1127 673 1183 plicemus.
734 1130 798 1172 At
830 1131 959 1172 etiam
991 1130 1074 1172 hoc
1104 1130 1147 1171 in
1182 1139 1381 1187 promptu
1406 1131 1494 1173 est:
1527 1143 1677 1178 omnen
1706 1129 1827 1176 enim

449 1196 626 1238 candem
658 1196 738 1240 esse
773 1212 860 1240 uno
892 1212 964 1240 ore
998 1198 1287 1240 concesserint.
1346 1198 1464 1243 Nam·
1491 1197 1828 1258 quicumque'irr

448 1262 607 1305 divitiis
627 1265 736 1307 bene
756 1265 894 1308 vivere
912 1265 965 1307 de
985 1280 1071 1308 uno
1090 1265 1263 1307 homine
1286 1274 1465 1322 ponunt,
1486 1264 1531 1306 hi
1558 1264 1685 1311 etiam
1715 1264 1820 1311 civi-

449 1338 598 1383 tatem,
618 1331 644 1372 fi
667 1332 714 1374 fit
731 1332 920 1389 locuples
938 1342 982 1374 et
1001 1333 1182 1389 copiosa,
1204 1333 1371 1374 beatam
1398 1331 1642 1389 praedicant,
1661 1331 1820 1389 etqui-

447 1413 634 1455 cumque
667 1400 796 1442 vitam
828 1401 1089 1457 tyrannicam
1122 1400 1294 1443 caeteris·
1313 1400 1520 1443 omnibus*
1537 1410 1819 1457 anteponunt,

449 1466 495 1508 hi
517 1467 645 1509 etiam
666 1468 879 1510 civitatem
901 1468 1094 1525 plurimis
1116 1469 1409 1524 imperantem,
1430 1468 1701 1512 beatiffimam
1722 1483 1819 1525 pro·

448 1535 711 1578 nuntiarint:
761 1545 806 1578 et
843 1536 869 1577 fi
912 1536 1005 1592 quis
1043 1551 1174 1581 unum
1214 1536 1398 1593 aliquem
1440 1535 1609 1582 virtutis
1646 1537 1821 1579 nomine

448 1603 632 1645 maxime
657 1603 888 1646 admiratur
918 1614 961 1646 et
991 1605 1156 1660 probat,
1188 1604 1259 1646 hic
1292 1613 1337 1646 et
1368 1603 1599 1656 civitatem,
1620 1619 1707 1661 quo
1737 1605 1822 1650 erit

447 1670 603 1713 virtute
622 1672 823 1723 ornatior,
845 1687 895 1714 eo
917 1671 1071 1714 dixerit
1099 1671 1178 1714 effe
1205 1672 1450 1720 beatiorem.
1510 1671 1595 1714 Sed
1615 1670 1708 1715 haec
1726 1671 1819 1729 jam

445 1738 541 1781 sunt
570 1739 672 1790 duo,
695 1755 793 1797 quae
823 1739 1163 1799 considerationis
1191 1740 1414 1797 indigent:
1446 1755 1594 1793 unum,
1614 1749 1709 1792 utra
1732 1741 1827 1789 vita·

447 1807 495 1848 fit
527 1808 663 1865 magis
697 1807 946 1864 expetenda,
969 1823 1018 1850 ea
1044 1824 1141 1865 quae
1171 1808 1215 1850 in
1246 1807 1547 1856 communione
1574 1808 1820 1866 reipublicae

445 1876 814 1919 administrationis
844 1887 888 1920 et
924 1877 1107 1920 civitatis
1141 1877 1398 1930 traducatur,
1433 1892 1484 1921 an
1519 1877 1662 1934 potius
1694 1893 1817 1935 pere-

445 1945 559 2001 grini
585 1946 753 2003 propria
782 1954 825 1987 et
854 1960 879 1987 a
909 1946 1023 1987 civili
1044 1945 1240 1988 societate
1259 1946 1478 2003 segregata
1495 1960 1545 1988 ac
1563 1945 1696 1996 soluta
1710 1962 1736 1990 ε,
1752 1946 1817 1989 al-

445 2023 599 2065 terum,
620 2029 716 2069 quae
737 2012 981 2069 reipublicae
1001 2012 1334 2055 administrandae
1363 2012 1512 2065 forma,
1531 2021 1575 2056 et
1594 2028 1692 2070 quae
1713 2013 1819 2056 civi·-

444 2080 544 2123 tatis
572 2081 740 2127 affe&io
774 2082 852 2122 five
885 2081 1110 2132 ordinatio,
1130 2081 1209 2122 five
1236 2085 1302 2136 (ut
1326 2080 1385 2121 ita
1413 2080 1572 2135 dicam)
1592 2080 1818 2137 dispositio,

446 2149 608 2204 optima
637 2149 684 2190 fit
713 2148 906 2204 locanda,
929 2149 1008 2190 five
1037 2148 1240 2190 omnibus
1267 2147 1452 2203 optabile
1473 2148 1520 2189 fit
1544 2156 1589 2190 et
1610 2159 1816 2205 expeten-

444 2215 564 2267 dum,
586 2216 629 2258 in
652 2216 765 2258 civili
789 2216 986 2259 societate
1005 2215 1149 2259 versari
1169 2231 1180 2267 ;
1214 2215 1292 2257 five
1307 2215 1520 2272 aliquibus
1539 2215 1712 2272 quidem
1735 2216 1817 2269 mi-

444 2284 574 2335 nime,
595 2284 665 2327 sed
683 2284 889 2341 plerisque
919 2283 1061 2325 etiam.
1122 2282 1339 2327 Quoniam
1369 2291 1511 2325 autem
1542 2283 1818 2341 cogitationis

326 2365 432 2418 259
445 2362 488 2395 et
508 2352 764 2409 cognitionis
794 2351 932 2394 civilis
962 2352 1045 2394 hoc
1078 2366 1233 2395 munus
1253 2351 1326 2402 est,
1349 2366 1440 2394 non·
1456 2351 1560 2408 quid
1579 2351 1816 2408 cuiquerei

444 2422 491 2462 fit
525 2420 826 2478 expetendum,
863 2419 1034 2460 videre:
1075 2434 1150 2461 nos
1188 2433 1314 2475 porro
1350 2418 1814 2476 hanc,disputationem

443 2504 557 2531 nunc
578 2489 831 2543 instituimus
858 2503 907 2529 ac
934 2487 1212 2544 suscepimus:
1244 2486 1353 2531 illud
1383 2487 1555 2543 quidem
1583 2487 1815 2530 alienuma

443 2557 580 2600 nostro
600 2557 788 2598 instituto
808 2554 951 2606 fuerit,
974 2555 1056 2596 hoc
1087 2569 1184 2596 vero
1214 2554 1429 2610 proprium
1457 2567 1613 2596 munus
1642 2553 1770 2611 hujus
1789 2569 1816 2596 a

443 2625 565 2667 nobis
595 2625 659 2666 via
689 2633 732 2666 et
764 2623 925 2665 ratione
957 2622 1157 2678 susceptae
1186 2621 1472 2664 institutionis.
1530 2621 1656 2670 Hanc
1683 2621 1814 2678 igitur

441 2691 664 2733 necessario
701 2682 780 2732 effe
818 2691 1022 2746 optimam
1070 2688 1313 2745 reipublicae
1338 2688 1683 2748 ‘administrandae
1724 2688 1811 2730 for-

441 2774 571 2811 mam,
605 2774 657 2801 ex
688 2757 808 2815 cujus
840 2757 1103 2799 ordinatione
1139 2757 1278 2813 quivis
1313 2771 1378 2798 res
1415 2755 1597 2813 optimas
1635 2765 1735 2813 agat
1769 2765 1812 2799 et

440 2827 563 2869 beate
586 2827 712 2879 vivat,
734 2825 998 2884 perspicuum
1029 2826 1099 2867 est.
1160 2824 1410 2881 Ambigitur
1439 2819 1580 2866 autem
1600 2824 1656 2866 ab
1674 2823 1725 2866 iis
1745 2823 1810 2880 ip-
