1898 3308
475 170 560 224 462
925 176 1427 224 ARISTOTELIS

471 303 554 343 *nus
575 299 717 336 tamen
750 293 795 338 in
824 295 1075 355 imperando?
1089 301 1252 344 domini
1273 303 1498 347 utilitatem
1521 302 1773 362 specstat'per
1788 301 1846 357 se,

473 358 578 402 servi
597 369 742 404 autem
762 378 813 406 ex
832 377 1015 410 eventu:
1049 368 1136 411 fieri
1156 369 1269 412 enim
1290 385 1375 413 non
1398 371 1531 428 potest
1558 380 1606 415 ut
1635 371 1751 416 servo
1778 371 1846 414 in—

473 435 665 472 tereunte
684 431 909 487 imperium
930 434 1093 478 domini
1125 437 1171 479 fit
1199 437 1375 482 salvum.
1434 439 1670 496 Imperium
1690 446 1844 483 tantem

471 492 515 535 in
545 494 701 540 liberos
720 507 764 541 et
783 498 827 541 in
854 515 1023 553 uxorem
1054 512 1098 546 et
1126 504 1168 546 in
1199 519 1370 553 omnem
1401 505 1596 559 domum,
1615 506 1734 564 quod
1757 519 1843 564 'ap-

469 562 677 619 pellamus
709 569 1040 623 oeconomicum‚
1072 571 1114 614 id
1147 572 1219 624 est,
1246 572 1304 615 rei
1335 572 1551 617 familiaris
1579 574 1844 617 administra-

467 628 597 694 tionis
633 634 877 690 proprium:
917 646 990 679 aut
1027 653 1191 691 eorum,
1230 639 1389 696 quibus
1423 641 1669 698 imperatur,
1703 641 1844 700 gratia

467 697 538 749 est,
559 708 633 742 aut
654 715 926 745 communem
958 705 1169 762 quandam
1201 714 1479 763 utrorumque
1500 707 1730 753 utilitatem
1749 708 1840 766 spe-⁴

466 764 567 808 &an
630 767 707 809 Per
726 768 765 810 se
783 770 959 826 quidem
981 786 1145 824 eorum,
1167 773 1241 830 qui
1268 783 1419 830 parent
1447 774 1658 832 imperio:
1688 790 1840 833 quem-

463 832 694 877 admodum
716 845 759 878 et
777 836 880 879 alias
899 847 1009 881 artes
1030 840 1239 892 videmus,
1263 841 1376 882 verbi
1405 841 1556 898 gratia,
1585 851 1718 885 artem
1749 858 1840 885 me·

462 899 607 953 dendi,
627 911 671 944 et
691 913 824 946 artem
847 920 1070 963 corporum
1102 908 1431 952 exercendorum
1453 926 1464 952 ε
1495 924 1549 953 ex
1566 921 1732 957 §meatuv
1745 925 1845 953 vero

461 968 591 1011 etiam
630 984 778 1013 eorum
818 973 891 1029 qui
927 974 1151 1031 imperant,
1192 975 1333 1018 fuerit.
1395 977 1520 1020 Nihil.
1550 978 1681 1023 enim*
1704 978 1842 1020 obstat

461 1037 690 1093 quominus
710 1039 745 1082 is
766 1040 842 1098 qui
862 1056 1084 1098 puerorum
1108 1057 1282 1101 corpora
1299 1053 1483 1097 exercet,
1502 1059 1623 1090 unus}
1637 1045 1684 1088 fit
1702 1045 1838 1088 inter-

458 1105 560 1148 dum
583 1107 712 1150 etiam
731 1109 815 1165 ipse
833 1125 886 1152 ex
906 1110 957 1153 iis
978 1110 1051 1169 qui
1070 1121 1318 1155 exercentur
1336 1130 1346 1154 ε
1379 1112 1838 1170 quemadmodum-na-

459 1172 523 1216 vis
542 1175 807 1231 gubernator
825 1177 987 1235 semper
1005 1193 1118 1222 unus
1140 1179 1198 1222 est
1217 1194 1241 1222 e
1260 1193 1440 1222 numero
1460 1188 1699 1239 nautarumj.
1744 1181 1837 1223 Ρω-

458 1240 626 1284 dotriba
647 1242 795 1301 igitur,
816 1246 887 1301 qui
912 1257 1141 1303 puerorum
1171 1261 1346 1304 corpora
1373 1256 1558 1300 exercet,
1577 1256 1654 1294 aut
1677 1249 1839 1306 guber·

458 1318 594 1362 nator,
616 1325 762 1353 eorum
783 1313 858 1369 qui
881 1313 1060 1370 imperio
1079 1323 1244 1371 parent,
1266 1315 1426 1357 bonum
1457 1315 1661 1358 intuetur.
1723 1315 1838 1359 Cum

453 1386 599 1420 autem
630 1393 740 1421 unus
771 1394 822 1422 ex
853 1380 1007 1422 horum
1039 1396 1217 1425 numero
1246 1382 1303 1424 est
1337 1382 1466 1424 etiam
1498 1383 1610 1440 ipse,
1623 1382 1765 1426 salutis
1790 1391 1838 1425 et

455 1451 562 1487 tutae
583 1445 866 1503 navigationis
887 1462 939 1489 ex
957 1457 1111 1491 eventu
1132 1449 1188 1491 est
1209 1449 1416 1506 particeps
1435 1465 1447 1491 ε
1479 1449 1552 1492 hic
1569 1450 1685 1493 enim
1707 1458 1836 1492 nauta

453 1512 537 1561 est:
570 1511 643 1555 ille
672 1522 816 1556 autem
846 1530 995 1557 eorum
1024 1516 1101 1572 qui
1130 1526 1393 1569 exercentur,
1423 1517 1470 1559 sit
1492 1531 1625 1570 unus,
1655 1532 1756 1561 cum
1787 1518 1838 1559 fit-

453 1579 596 1636 pueris
624 1581 871 1624 exercendis
899 1581 1138 1639 praefectus,
1162 1584 1232 1626 seu
1251 1584 1504 1641 paedotriba.
1564 1586 1836 1643 Quapropter

453 1655 499 1690 et
518 1647 658 1690 civilia
677 1648 869 1706 imperia,
891 1664 992 1692 cum
1020 1649 1168 1693 civitas
1191 1651 1317 1708 juxta
1345 1651 1631 1710 aequalitatem
1651 1661 1698 1696 et
1717 1653 1834 1696 fimi-

452 1715 681 1758 litudinem
701 1716 855 1759 civium
877 1717 1102 1760 constituta
1129 1719 1201 1771 est,
1222 1733 1396 1776 aequum
1427 1719 1508 1762 effe
1535 1728 1688 1778 putant
1707 1721 1748 1763 se
1767 1720 1831 1763 vi-

453 1783 585 1826 ciffim
616 1784 906 1842 magistratum
934 1800 1099 1843 gerere,
1130 1786 1236 1829 olim
1264 1787 1439 1844 quidem
1464 1790 1576 1846 (quos
1599 1788 1730 1833 modo
1755 1803 1832 1831 na-

454 1858 551 1893 tura
571 1859 862 1908 comparatum
889 1852 964 1907 est)
989 1868 1160 1910 aequum
1190 1854 1271 1896 effe
1301 1847 1584 1910 existimantes
1603 1848 1644 1900 se
1661 1870 1741 1913 pro
1759 1856 1834 1899 sua

453 1917 564 1961 virili
583 1927 703 1976 parte
732 1934 890 1962 munus
917 1920 1137 1977 publicum
1170 1921 1303 1974 obire,
1323 1937 1373 1965 ac
1392 1922 1603 1976 sustinere,
1621 1931 1665 1966 et
1684 1933 1834 1967 contra

368 1989 438 2047 97
454 1985 640 2044 aliquem
674 1986 805 2030 alium
840 1987 965 2045 ipsius
997 1988 1158 2031 bonum
1192 2003 1430 2045 procurare,
1462 1991 1830 2048 quemadmodum

451 2054 539 2112 ipse
558 2064 683 2098 antea
702 2055 992 2113 magistratum
1024 2071 1194 2113 gerens,
1216 2056 1331 2099 illius
1360 2057 1537 2101 utilitati
1565 2058 1828 2102 consulebat.

447 2122 579 2165 Nunc
611 2131 754 2165 autem
786 2131 958 2180 propter
994 2123 1299 2176 emolumenta,
1333 2139 1432 2182 quae
1460 2139 1511 2168 ex
1539 2125 1758 2183 republica
1786 2136 1837 2177 et

446 2191 626 2249 imperio
654 2191 990 2249 proficiscuntur,
1012 2201 1216 2249 perpetuo
1249 2192 1399 2235 volunt
1429 2193 1719 2251 magistratum
1747 2210 1828 2252 ge-

447 2275 553 2303 rere.
614 2259 747 2304 Quod
769 2253 931 2316 genus,
962 2260 987 2301 fi
1018 2260 1208 2302 eveniret
1239 2269 1288 2302 ut
1318 2260 1394 2318 qui
1427 2261 1714 2318 magistratum
1746 2278 1826 2320 ge-

446 2335 561 2380 runt,
598 2326 760 2383 semper
790 2327 899 2369 bene
934 2327 1133 2378 valerent,
1168 2342 1268 2370 cum
1304 2328 1433 2370 effent
1463 2327 1630 2370 infirma
1661 2328 1826 2372 valetu-

445 2392 571 2436 dine:
608 2403 700 2436 tum
733 2393 848 2437 enim
885 2395 1050 2437 fortaffe
1084 2395 1237 2437 merito
1272 2394 1447 2453 imperia
1482 2404 1526 2438 et
1562 2395 1828 2454 magistratus

446 2461 799 2505 conseearentur.
862 2462 1132 2519 Perspicuum
1165 2462 1300 2520 igitur
1331 2463 1403 2515 est,
1438 2478 1709 2521 quaecunque
1739 2465 1825 2509 rei-

445 2529 628 2585 publicae
649 2529 981 2573 administrandae
1004 2530 1152 2573 formae
1181 2544 1456 2580 communem
1479 2530 1707 2573 utilitatem
1729 2531 1822 2587 spe·

446 2597 579 2650 Ram,
601 2611 670 2639 eas
691 2597 823 2646 retitas
852 2596 947 2648 effe,
969 2606 1014 2639 et
1040 2597 1079 2640 ei
1101 2596 1206 2654 juri,
1227 2597 1344 2654 quod
1377 2596 1620 2654 simpliciter
1641 2597 1720 2655 jusx
1747 2598 1824 2651 est,
1847 2610 1851 2614 ’

443 2664 776 2716 consentaneas:
821 2679 1087 2721 quaecunque
1121 2678 1221 2706 vero
1261 2679 1425 2717 eorum,
1463 2665 1537 2721 qui
1574 2665 1824 2721 reipublicae

441 2732 643 2788 praesunt,
666 2731 872 2774 duntaxat
895 2731 1068 2774 utilitati
1089 2731 1333 2785 consulunt,
1349 2747 1498 2774 omnes
1519 2731 1823 2790 efferdeprava-

442 2809 522 2851 tas,
557 2809 601 2843 et
634 2815 658 2842 a
691 2800 816 2844 rectis
852 2800 1033 2843 civitatis
1066 2800 1409 2844 administrandae
1435 2799 1583 2849 formis
1615 2800 1820 2850 detortam.⁴
