1898 3308
405 182 523 254 500⁹
840 200 1338 246 Ams’roTELis

403 310 616 374 homines,
644 311 800 366 multi:
828 322 1063 382 ‘locupletes
1091 332 1234 368 autem
1263 323 1404 382 pauci.
1452 323 1778 383 >Etenimn³pro

402 387 700 445 magnitudine
718 400 762 434 et
780 393 1030 448 proceritate
1049 392 1234 450 corporis
1253 392 1563 437 mandarentur·
1575 393 1774 444 honores,

403 466 454 499 ut
474 457 527 500 in.
541 458 758 516 AEthiopia
776 460 896 503 aiunt
913 460 1084 519 quidam
1107 460 1194 503 fieri
1213 461 1359 514 solere,
1379 470 1452 504 aut
1469 476 1545 520 pro
1562 460 1772 520 pulc'i'itu·

403 524 520 577 dine,
542 526 641 569 esset
668 524 918 586 oligarchia.
977 528 1170 586 Exiguus
1198 528 1312 571 enim
1333 528 1578 587 pulc'ro'rum
1607 535 1651 572 et
1672 542 1772 587 pro·

401 607 594 636 cerorum
627 609 829 638 numerus
858 588 947 639 est.'
987 596 1296 639 Verumtamen
1332 611 1471 654 neque
1503 596 1572 643 his
1603 603 1772 641 tantum

401 660 479 703 has
513 661 756 720 reipublicae
788 663 1124 706 administrandae
1161 664 1318 706 formas
1351 663 1516 707 definiri
1549 663 1649 708 satis·
1679 663 1769 709 est:

399 728 471 772 sed
490 730 590 787 quia
609 730 826 788 particulae
846 731 984 789 plures
1004 724 1286 775 Democratiae
1305 741 1348 775 et
1370 732 1636 791 Oligarchiae‘
1658 732 1772 786 sunt,

289 796 386 840 138
401 807 603 855 praeterea
636 798 919 842 decidendum
953 814 1003 841 ac
1034 800 1298 842 statuendum
1326 801 1398 853 est,
1428 807 1566 858 neque
1591 797 1624 844 fl
1647 798 1771 844 liberi

398 866 475 923 qui
508 865 633 923 pauci
667 867 760 918 fint,
793 866 837 908 in
871 866 1013 924 plures
1045 875 1090 909 et
1121 882 1207 909 non
1233 868 1389 911 liberos
1409 867 1635 925 imperium
1652 866 1769 913 obti-

398 943 541 988 neant,
577 933 877 976 democratiam
912 934 1021 977 effe:
1052 936 1168 991 quod
1198 950 1337 993 genus
1367 936 1425 978 est
1454 935 1699 995 Apolloniae¹
1725 935 1770 979 in

398 1001 503 1044 mari
527 1001 664 1054 Ionio,
685 1010 728 1044 et
747 1001 896 1044 Therae
916 1017 926 1044 :
958 1002 1200 1059 inutraque
1230 1002 1346 1045 enim
1374 1002 1525 1046 harum
1544 1001 1768 1047 civitatum

398 1068 604 1111 florebant
650 1069 881 1111 honoribus
919 1069 993 1127 qui
1031 1069 1252 1128 nobilitate
1299 1069 1560 1127 praestabant,
1608 1069 1769 1129 quique

395 1137 522 1194 primi
543 1136 728 1180 colonias
749 1145 1022 1194 occuparant,
1044 1152 1143 1180 cum
1162 1127 1209 1180 lii
1229 1137 1358 1181 effent
1377 1137 1514 1195 pauci,
1535 1137 1606 1180 alii
1624 1137 1768 1181 multi.

395 1206 550 1263 Neque
571 1206 597 1248 fi
620 1205 772 1248 divites
792 1206 973 1262 praesint,
994 1201 1213 1263 propterea
1238 1206 1354 1264 quod
1385 1220 1563 1249 numero
1590 1206 1670 1248 fint
1696 1206 1765 1249 su·

393 1274 592 1339 perioreS,
612 1273 914 1316 democratiam
936 1273 1123 1316 fimiliter
1142 1273 1230 1316 effe
1258 1273 1528 1316 habendam·
1559 1273 1765 1331 quemad-

393 1334 572 1384 modum
594 1341 728 1387 olims
718 1357 762 1383 m
785 1340 1067 1402 Colophone:
1100 1341 1188 1384 illic
1214 1341 1330 1384 enim
1342 1350 1587 1400 antequam
1605 1341 1765 1398 bellum
1821 1363 1823 1365 ·

392 1409 586 1452 adversus
607 1403 751 1468 Lydos
772 1418 913 1451 ortum
935 1408 1047 1460 esset,
1067 1408 1205 1467 major
1224 1407 1317 1473 pars
1337 1409 1495 1452 civium
1525 1423 1702 1474 magnas
1722 1403 1769 1452 e''t

384 1477 669 1520 diuturnitate
697 1476 901 1534 temporis
922 1475 1121 1519 stabilitas
1151 1485 1279 1534 atque
1308 1476 1582 1534 amplificatas
1610 1476 1671 1531 rei
1698 1476 1763 1520 fa-

390 1546 567 1588 miliaris
605 1545 828 1588 facultates
864 1544 1107 1602 poffidebat.
1166 1544 1251 1587 Sed
1293 1543 1551 1588 democratia
1590 1544 1764 1603 quidem

391 1615 463 1667 est,
496 1629 596 1656 cum
626 1612 752 1656 liberi
782 1621 826 1655 et
854 1626 1056 1670 pauperes
1085 1621 1264 1655 numero
1283 1611 1514 1670 superiores
1535 1611 1700 1671 imperii
1720 1623 1764 1657 et

389 1678 568 1725 summae'
586 1678 760 1724 rei'sunt
781 1688 1029 1738 compotes:
1058 1680 1310 1738 oligarchia,
1331 1691 1428 1724 cum
1446 1680 1599 1725 divites
1618 1683 1664 1725 et'
1679 1686 1763 1725 ho-

388 1751 577 1801 biliores,
598 1764 774 1792 numero
803 1739 1036 1806 pauciOres.
1095 1749 1239 1792 Plures
1259 1749 1393 1807 igitur
1417 1749 1498 1793 e'fl'e
1516 1749 1764 1807 reipublicae

387 1818 723 1863 administrandae
747 1817 917 1869 formas,
938 1825 983 1859 et
1001 1832 1130 1876 quam
1150 1818 1206 1860 ob
1226 1818 1391 1860 causam
1411 1817 1490 1861 fint
1506 1817 1667 1875 plureS,
1686 1833 1761 1862 ex-

388 1889 568 1945 positum
589 1902 614 1928 a
633 1885 756 1945 nobis
775 1886 848 1928 est.
907 1884 1052 1928 Plures
1070 1893 1213 1927 autem
1238 1885 1334 1938 effe,
1354 1877 1495 1943 quam*
1512 1901 1610 1944 quae
1631 1901 1760 1944 expo*-

389 1957 473 1999 fitae
496 1955 606 2008 sunt,
628 1963 672 1997 et
692 1970 805 2012 quae,
829 1961 874 1996 et
893 1968 1022 2011 quarn
1051 1954 1107 1995 ob
1137 1953 1316 2006 causam,
1339 1953 1557 2013 dicamus,'
1582 1954 1763 2012 repetito
1821 1968 1830 1976 ·

388 2024 557 2075 eodem,
578 2022 696 2081 quod
714 2030 836 2064 antea
854 2020 1118 2079 Γυῐῄρίίῐῐωε,
1140 2021 1362 2079 principio.
1412 2013 1626 2065 Convenit
1645 2022 1760 2066 enim

385 2093 500 2135 :inter
522 2106 613 2144 nos,
634 2089 817 2133 civitatis
836 2090 975 2132 omnis
995 2104 1080 2132 non
1102 2104 1230 2132 unam
1251 2089 1322 2132 sed
1340 2089 1481 2147 plures
1499 2090 1580 2133 effe
1597 2101 1758 2148 partes·

387 2159 750 2218 quemadmodum
770 2157 919 2215 igitur,
943 2156 969 2199 fi
994 2145 1211 2200 confilium
1240 2156 1488 2214 cepiffemus
1505 2157 1662 2215 species
1688 2156 1761 2202 seu

386 2223 542 2272 formas
565 2227 759 2270 animalis
778 2228 957 2279 sumere,
978 2225 1164 2283 primum
1193 2225 1366 2283 quidem
1398 2225 1443 2268 id
1472 2228 1599 2270 omne
1627 2226 1759 2288 secer-

387 2313 601 2349 neremus,
634 2295 750 2354 quod
780 2294 1003 2337 necess‘ario
1033 2308 1162 2336 omne
1190 2292 1348 2335 animal
1376 2293 1536 2336 habet.
1566 2287 1624 2337 ut
1639 2309 1758 2353 quae-

386 2366 485 2408 dam
500 2364 643 2408 sensus
662 2363 951 2415 instrumenta,
971 2369 1015 2403 et
1034 2369 1171 2418 partes
1193 2372 1261 2403 eas
1285 2374 1380 2418 quae
1400 2360 1542 2419 valent
1568 2361 1622 2405 ad
1651 2374 1758 2406 con-

388 2433 614 2476 {iciendum
645 2439 720 2474 aut
749 2428 1038 2488 recipiendum
1058 2428 1325 2481 alimentum,
1347 2436 1395 2471 ut
1414 2443 1462 2471 os
1482 2437 1526 2472 et
1543 2430 1758 2474 ventricu-

384 2503 508 2545 lum.
542 2499 697 2542 deinde
715 2497 1037 2556 quibuscunque
1063 2495 1281 2553 particulis
1310 2486 1649 2555 unumquodque
1666 2498 1758 2541 ani-

385 2568 472 2610 mal
491 2574 702 2609 movetur.
766 2565 810 2606 Si
829 2564 960 2621 igitur
980 2577 1186 2620 ponamus
1216 2563 1292 2605 has
1320 2563 1401 2605 effe
1430 2563 1637 2607 duntaxat
1659 2579 1757 2623 par-

385 2637 499 2679 tium
515 2635 687 2692 species,
707 2641 751 2675 et
771 2647 856 2674 non
876 2631 1017 2688 plures
1035 2647 1046 2673 :
1078 2630 1148 2673 sed
1168 2639 1310 2672 tamen
1331 2631 1409 2673 fint
1427 2631 1589 2689 aliquot
1605 2632 1757 2677 harum

384 2702 633 2746 differentiae
667 2695 802 2755 (verbi
831 2698 985 2756 gratia)
1021 2697 1106 2739 oris
1135 2706 1179 2740 et
1209 2697 1445 2750 ventriculi,
1476 2706 1530 2741 et'
1553 2697 1758 2744 sentiendi
1817 2709 1820 2713 '

382 2771 750 2814 instrumentorum
781 2766 901 2824 plura
931 2764 1129 2823 quaedam
1155 2779 1340 2822 genera:
1372 2773 1572 2822 praeterea
1593 2782 1693 2811 vero
1714 2778 1758 2812 et
1804 2763 1811 2780 ³

383 2837 698 2895 particularum,
720 2850 816 2894 quae
837 2833 1036 2878 movendi
1057 2832 1143 2880 vim
1171 2832 1360 2876 habent:
1392 2833 1542 2879 harum
1571 2834 1774 2893 parti'um'
