1898 3308
493 161 1064 210 DEVREPUBLICA
1112 163 1173 207 11.
1202 173 1248 219 5.
1476 170 1558 218 433

167 293 367 346 umore
398 286 586 347 primum
618 288 745 332 urbes
775 286 1021 332 conduntur
1047 292 1096 330 et
1125 284 1390 337 habitantur,
1421 281 1561 327 facere

173 366 260 398 mm
278 354 454 400 difficile
471 354 552 400 effe
571 355 835 399 existimabat
852 371 863 398 ε
895 353 1080 414 οῳάἰῐίε
1097 361 1242 397 autem
1265 351 1357 410 jam
1378 350 1559 397 urbibus

161 423 475 468 eroonstitutis
494 424 752 477 civitatibus,
772 421 946 482 majoris
966 422 1051 465 hoc
1069 420 1246 480 quidem
1266 419 1356 465 fore
1377 418 1555 477 negotii,

112 490 115 493 ”
164 488 247 532 {bd
260 497 405 535 tamen
424 491 642 535 celerrime
661 491 884 535 facultates
907 489 1067 534 civium
1095 489 1151 534 ad
1179 486 1467 546 aequalitatem
1487 501 1554 529 re-

164 555 346 602 &aum
364 559 444 614 viri,
475 559 502 602 fi
533 558 686 605 divites
713 559 888 617 quidem
915 558 1022 601 filias
1042 556 1136 601 suas
1155 555 1432 607 collocanteS,
1452 554 1557 598 dent

162 622 310 679 ὼωο,
330 625 402 684 ipfi
422 641 523 671 vero
541 641 718 672 uxorem
745 628 971 680 ducentes,
991 641 1078 669 non
1108 624 1346 682 accipiant:
1378 630 1423 666 et
1446 637 1553 665 con-

160 700 493 754 m‚·⁷pauperes
520 711 609 740 non
638 696 757 750 dent,
783 695 994 754 accipiant
1022 694 1113 753 ipfi.
1173 692 1294 739 Plato
1323 706 1422 742 vero
1452 705 1554 735 cum

162 760 287 820 5030·
304 763 521 818 scriberet,
540 765 852 823 quadamtenus
866 765 1133 808 existimabat
1149 762 1376 808 facultates
1395 775 1554 820 augere

159 829 301 875 finer-e
316 830 558 891 ''opor-tere:
584 834 781 892 amplius
817 843 961 877 autem
999 841 1196 891 acceptas
1233 845 1392 890 augere
1425 838 1555 888 atque

161 899 422 958 amplificare
441 903 690 961 quaerendo,
711 917 842 961 quam
862 908 913 946 ut
932 901 1071 946 essent·
1087 900 1330 960 quincuplae
1350 899 1551 946 minima-

159 978 289 1022 ·mm9-
309 969 472 1015 nemini
507 985 561 1014 ex
589 972 757 1016 civibus
786 972 930 1025 licere,
962 969 1329 1029 quemadmodum
1354 977 1399 1013 et
1428 977 1554 1012 antea

159 1032 328 1081 diffum
354 1039 428 1082 est.
485 1040 590 1083 Non
621 1040 780 1084 debent
809 1050 954 1084 autem
989 1039 1073 1083 hoc
1101 1039 1314 1098 ignorare,
1343 1037 1416 1096 qui
1446 1036 1553 1080 tales

161 1104 294 1164 leges·
318 1105 477 1161 ferunt,
509 1108 628 1166 quod
660 1123 774 1158 nunc
804 1108 1040 1167 ignoratur,
1070 1123 1161 1161 eos,
1191 1107 1268 1166 qui
1299 1105 1551 1150 facultatum

158 1174 507 1233 magnitudinem
538 1177 814 1234 -praefiniunt,
863 1177 992 1220 etiam
1040 1177 1276 1220 liberorum
1323 1189 1551 1219 numerum

6 1233 26 1280 ξ’
78 1268 81 1269 ⁷
159 1243 372 1301 praefinire
392 1246 641 1295 convenire.
699 1246 745 1288 Si
774 1245 890 1288 enim
917 1244 1173 1288 facultatum
1205 1243 1550 1302 magnitudinem

159 1311 330 1370 superet
347 1313 575 1362 liberorum
599 1328 799 1356 numerus
820 1328 868 1356 ac
890 1312 1142 1365 multitud0‚
1163 1312 1353 1370 primum
1375 1311 1444 1356 lex
1473 1326 1550 1356 an-

155 1379 354 1438 &quatur
379 1381 541 1425 neceffe
569 1382 657 1425 est:
690 1381 847 1426 deinde
873 1390 1024 1439 praeter
1053 1381 1164 1440 legis
1193 1379 1549 1438 antiquationem,

159 1447 320 1492 multos
354 1464 408 1493 ex
441 1449 648 1493 divitibus
678 1465 883 1508 pauperes
916 1449 1005 1492 fieri
1034 1450 1196 1495 malum
1229 1448 1302 1493 est.
1339 1447 1550 1507 'Difficile

157 1515 274 1561 enim
305 1518 363 1561 est
392 1518 501 1562 tales
530 1518 728 1562 homines
755 1533 822 1562 res
851 1533 982 1561 novas
1007 1533 1092 1560 non
1113 1517 1270 1561 moliri.
1328 1517 1549 1561 Bonorum

156 1578 311 1643 igitur'
327 1587 617 1645 equalitatem
658 1587 745 1630 vim
786 1587 978 1645 aliquam
1015 1586 1174 1630 habere
1211 1586 1263 1629 ad
1303 1585 1558 1630 societatem

156 1652 328 1698 civilem
346 1655 543 1700 nonnulli
563 1671 617 1699 ex
637 1655 852 1700 veteribus
880 1654 1077 1699 videntur
1096 1653 1345 1697 intellexisse
1366 1670 1376 1696 :
1407 1653 1548 1712 cujus-

157 1721 278 1765 modi
305 1730 352 1766 et
383 1723 516 1767 Solon
546 1724 691 1782 legem
722 1723 988 1782 composuitz
1020 1731 1065 1766 et
1092 1722 1207 1780 apud
1233 1722 1339 1766 alios
1365 1722 1435 1766 lex
1464 1721 1550 1768 lata

154 1789 230 1841 est,
250 1804 350 1848 qun
375 1800 491 1834 vetat
518 1800 685 1837 tantum
715 1792 808 1850 agri
838 1806 1099 1850 comparare,
1126 1799 1346 1849 quantum·
1368 1789 1547 1849 quisque

154 1857 276 1901 velita·
339 1861 537 1919 Itemque
567 1875 657 1904 rem
691 1860 820 1915 suam⁴
840 1860 1090 1903 familiarem
1121 1859 1304 1903 vendere
1329 1859 1451 1918 leges.
1469 1875 1543 1904 ve-

152 1933 247 1970 tant
265 1941 277 1969 z
307 1928 671 1986 quemadmodum
693 1929 806 1986 apud
824 1930 986 1972 Locros
1005 1927 1075 1972 lex
1098 1928 1262 1972 sancita
1275 1929 1349 1980 est,
1369 1943 1423 1972 ne
1446 1929 1544 1987 quis
1558 1935 1627 1978 54

152 1994 463 2052 patrimonium·-
495 1997 617 2040 suum
633 2007 635 2011 '
654 1997 826 2050 vendat,
860 1997 933 2039 nifi
960 1996 1222 2040 manifestam
1255 1996 1545 2041 calamitatem

151 2056 228 2106 'fibi
261 2063 453 2109 ostendat
485 2065 696 2109 accidisse.
755 2066 964 2114 Praeterea
996 2079 1096 2108 vero
1126 2064 1256 2124 jubet
1292 2065 1548 2123 patrimonia

115 2150 118 2152 ·
151 2131 421 2182 hareditaria
448 2134 640 2193 antiqua,
662 2150 761 2193 quae
788 2134 944 2191 cuique
968 2133 1187 2177 sortitione
1216 2134 1327 2177 fasta
1355 2135 1546 2178 obvene-

149 2202 454 2254 ruutfservar-i.
518 2204 616 2246 Hoc
644 2211 789 2246 autem
819 2202 1022 2246 Leucade
1045 2202 1295 2247 convulsum
1325 2218 1375 2247 ae
1403 2203 1544 2247 subla-

150 2276 264 2321 tum,
286 2268 601 2318 Leucadiorum
620 2269 931 2328 rempublicam
960 2269 1090 2312 nimis
1120 2270 1367 2328 popularem
1397 2270 1542 2315 reddi-

147 2336 232 2380 dit.
292 2338 398 2381 Non
431 2338 548 2382 enim
565 2336 568 2338 ’
573 2337 666 2396 jam
700 2338 883 2396 amplius
922 2337 1146 2380 eveniebat
1178 2347 1227 2382 ut
1260 2353 1313 2383 ex
1350 2339 1544 2383 censibus

148 2405 372 2463 praefinitis
389 2421 442 2450 ao
457 2406 678 2465 descriptis
697 2407 752 2450 ad
771 2406 1039 2466 magistratus
1058 2407 1405 2465 proveherentur.
1457 2408 1543 2452 Sed

144 2475 240 2518 fieri
261 2476 395 2534 petest
414 2484 462 2519 ut
482 2477 695 2524 bonorum
717 2476 891 2535 quidem
914 2476 960 2518 fit
982 2476 1207 2534 aequalitas
1227 2493 1238 2519 ε
1270 2491 1418 2520 verum
1445 2476 1541 2520 haec

147 2553 226 2588 aut
245 2545 326 2588 sint
345 2544 476 2588 nimis
503 2545 655 2598 multa,
678 2554 726 2588 ut
747 2544 912 2603 profuse
939 2559 989 2588 ac
1019 2544 1230 2588 luxuriose
1258 2545 1433 2595 vivant:
1465 2555 1541 2589 aut

139 2612 278 2656 nimie
306 2627 454 2671 pauca,
489 2623 538 2657 ut
567 2613 756 2658 tenuiter
781 2622 827 2656 et
857 2612 1039 2657 sordide.
1099 2613 1371 2672 Perspicuum
1405 2614 1540 2672 igitur

145 2680 220 2734 est,
242 2695 328 2724 non
357 2681 458 2725 fatis
483 2681 564 2726 effe
595 2681 774 2726 latorem
802 2681 914 2740 legis
943 2682 1057 2726 bona
1081 2681 1240 2725 civium
1261 2686 1447 2741 aequar'e,
1469 2682 1540 2726 sed

142 2748 338 2794 medium
373 2750 520 2794 animo
550 2749 631 2793 effe
661 2750 975 2794 destinandum.
1037 2751 1246 2794 Praeterea
1274 2766 1374 2794 vero
1407 2751 1540 2795 etiam

145 2817 175 2860 fi
192 2817 291 2877 quis
309 2828 447 2863 certae
467 2819 670 2870 omnibus
689 2819 752 2863 rei
777 2818 997 2862 familiaris
1022 2818 1250 2863 facultates
1277 2819 1539 2879 descripserit

777 2901 806 2931 n
829 2901 853 2931 e
874 2902 903 2942 4
1321 2901 1324 2906 ’
