1898 3308
0 2943 56 3308 fflbQQ-*k
7 2863 29 2882 '³2
0 2601 54 2754 -·-³{:f<2·†‘22''-3'
20 2567 27 2573 --
2 2506 37 2549 :a
3 2488 19 2494 ³
14 2394 23 2414 ‘¹
2 2326 33 2359 ‘2-*3

480 163 574 208 DE
614 161 1039 210 REPUBLICA
1081 162 1240 208 111.1.
1468 171 1550 219 ‚451

162 281 396 340 fimo.
450 287 517 331 Ea
547 288 664 331 'enim
699 288 896 344 potestas,
934 301 1030 345 quae
1057 287 1199 345 judici
1237 302 1336 330 cum
1375 285 1553 338 suasore,

164 355 387 412 mesqui,
408 355 449 398 in
483 356 693 398 concione
725 355 950 408 deliberat,
985 356 1229 398 communis
1268 355 1341 406 est,
1378 353 1554 396 nomine

132 435 147 444 ‘
163 431 303 476 metti
321 438 402 467 noc
427 423 525 467 satis
544 424 663 467 estin
687 433 890 481 promptu
910 439 1000 482 quo
1020 424 1197 466 nomine
1216 422 1437 466 communi
1457 423 1554 464 haec

162 488 424 538 duocivilia
454 506 632 535 munera
660 492 740 535 {int
772 492 1041 550 appellanda.
1103 491 1198 534 Esto
1229 490 1380 548 igitur,
1403 490 1552 532 distin-

162 557 316 602 &ionis
336 561 474 613 causa,
495 561 761 620 magistratus
792 576 877 603 non
908 556 1124 609 definitus,
1187 560 1273 601 Eos
1294 559 1455 616 itaque,
1477 558 1553 616 qui

159 625 220 671 ita
251 627 498 685 reipublicae
536 629 631 672 sunt
670 629 917 687 participes,
954 628 1069 671 cives
1106 627 1342 670 statuimus.
1405 627 1552 670 Quare
1585 654 1590 665 .

158 694 265 739 civis
294 696 623 754 definitiorquae
644 698 695 740 ad
720 713 792 741 eos
821 712 987 750 omnes,
1018 697 1093 755 qui
1124 697 1237 739 cives
1268 694 1631 753 appellantur,85

159 763 347 807 maxime
386 765 594 822 quadrare
631 767 768 823 poffit,
806 766 902 808 talis
936 765 1022 808 fere
1057 766 1128 808 est.
1190 764 1371 807 Nemini
1406 774 1552 806 autem

159 831 389 876 obscurum
418 832 499 876 effe
527 834 674 886 debet,
697 834 855 892 quibus
878 834 920 877 in
952 835 1079 878 rebus
1102 833 1290 891 subje&a
1311 832 1447 891 specie
1467 831 1554 874 dif-

157 897 317 951 ferunt,
338 909 382 943 et
401 915 550 944 eorum
571 902 687 944 aliud
710 903 766 944 est
789 903 992 959 primum,
1017 901 1134 944 aliud
1161 900 1411 953 secundum,
1439 899 1558 942 aliud

157 965 364 1026 deinceps
384 967 669 1027 subsequens:
701 985 847 1013 earum
870 985 1011 1013 rerum
1042 979 1116 1013 aut
1147 969 1258 1012 nihil
1289 963 1453 1027 prorsus
1475 969 1557 1011 effe

157 1048 405 1090 commune,
426 1053 512 1095 qua
532 1038 697 1081 ratione
717 1039 813 1081 sunt
833 1038 955 1091 tales,
977 1049 1052 1081 aut
1077 1053 1279 1096 perquam
1304 1037 1492 1080 tenuiter
1510 1046 1557 1080 et

157 1105 353 1162 anguste.
411 1107 472 1148 At
496 1107 752 1164 ›reipublicae
792 1107 1130 1149 administrandae
1165 1106 1352 1148 rationes
1388 1105 1555 1147 differre

157 1170 271 1223 iuter
289 1173 331 1216 se
349 1173 487 1231 specie
506 1175 728 1218 videmus:
761 1185 806 1218 et
830 1190 976 1217 earum
1009 1175 1114 1217 alias
1146 1174 1227 1216 effe
1253 1174 1429 1232 priores,
1450 1173 1555 1216 alias

157 1240 423 1298 posteriores.
482 1244 556 1286 Eae
587 1244 706 1285 enim
738 1259 835 1301 quae
866 1243 1104 1300 depravatae
1128 1243 1239 1294 sunt,
1261 1257 1445 1300 quaeque
1474 1242 1553 1283 de-

156 1308 368 1358 flexerunt
387 1324 419 1353 a·
432 1312 575 1354 rocio:
607 1311 734 1354 restis
754 1311 1019 1368 minimeque
1048 1311 1286 1368 depravatis
1306 1310 1555 1368 posteriores

157 1375 419 1429 fint·neceffe
436 1379 509 1422 est.
570 1379 793 1438 Degrefl‘as
815 1390 959 1422 autem
991 1394 1016 1421 a
1045 1379 1162 1421 re&o
1193 1378 1413 1436 quomodo
1434 1378 1552 1421 dica-

154 1446 492 1504 mus‚=posterius
523 1447 696 1505 planum
725 1448 821 1492 fiet.
882 1450 1001 1506 Ergo
1030 1448 1161 1490 etiam
1187 1447 1293 1490 civis
1317 1447 1360 1490 in
1382 1462 1555 1505 quaque

154 1513 402 1572 reipublicae
429 1516 769 1572 administrandae
790 1517 954 1559 ratione
976 1518 1023 1559 fit
1044 1517 1153 1559 alius
1174 1531 1224 1559 ac
1245 1516 1452 1558 diffimilis
1474 1531 1553 1558 ne-

154 1581 262 1625 cefl'e
280 1583 362 1632 esp·
406 1583 555 1627 Quare
573 1584 609 1626 is
628 1585 703 1642 qui
723 1585 845 1642 supra
865 1599 890 1626 a
911 1585 1034 1627 nobis
1055 1585 1197 1627 diistus
1217 1584 1290 1637 est,
1314 1584 1357 1625 in
1379 1583 1554 1625 civitate

151 1650 304 1705 libera,
333 1651 378 1694 in
410 1667 496 1710 qua
528 1667 658 1710 penes
694 1653 899 1710 populum
932 1653 1112 1711 potestas
1142 1653 1215 1705 est,
1240 1651 1426 1694 maxime
1445 1651 1553 1694 civis

154 1718 244 1762 estx
276 1719 321 1762 in
341 1719 437 1764 aliis
458 1735 559 1763 vero
580 1721 750 1764 evenire
771 1722 902 1778 potest
929 1732 980 1763 ut
1011 1720 1074 1774 fit,
1096 1736 1182 1763 non
1213 1730 1358 1762 tamen
1390 1719 1553 1762 neceffe

153 1787 226 1830 est.
283 1786 523 1832 Nonnullae
557 1789 673 1832 enim
713 1789 907 1832 civitates
942 1805 1084 1847 neque
1122 1789 1329 1846 populum
1372 1788 1551 1840 habent,

152 1870 296 1915 neque
314 1857 568 1901 concionem
599 1858 676 1901 usu
705 1868 972 1914 receperunt,
996 1858 1068 1901 sed
1098 1867 1356 1900 conventum
1389 1856 1551 1898 civium

152 1933 515 1973 convocatorum:
547 1934 590 1968 et
615 1925 714 1968 lites
746 1925 1125 1983 controversiasque
1145 1925 1247 1968 alias
1267 1924 1340 1967 alii
1367 1924 1549 1983 cognos-

150 2002 326 2037 cuntac
345 1993 596 2051 disceptant.
658 1995 722 2037 Ut
751 1995 1059 2037 Lacedaemone
1080 1994 1178 2036 lites
1207 1994 1261 2036 de
1292 1994 1421 2036 rebus
1441 2006 1547 2036 con·

148 2061 299 2108 traffis
317 2061 528 2105 dirimunt
547 2071 597 2104 et
611 2060 852 2120 dijudicant
874 2062 1145 2119 Ephororum
1167 2062 1240 2104 alii
1261 2061 1366 2104 alias
1386 2078 1396 2102 ε
1429 2061 1548 2103 sena-

147 2138 263 2174 tores
297 2138 442 2174 autem
465 2129 633 2189 judicia
663 2130 717 2173 de
746 2131 939 2173 caedibus
973 2146 1022 2172 ac
1053 2130 1288 2188 parricidiis
1317 2139 1545 2172 exercent:

147 2198 257 2243 alius
286 2213 414 2258 porro
443 2197 600 2257 aliquis
620 2198 891 2257 magistratus
912 2198 1089 2242 fortaffis
1108 2198 1206 2242 alia.
1269 2198 1478 2257 Idemque
1499 2199 1549 2242 fit

149 2268 430 2328 Carthagine.
456 2306 469 2317 .
491 2268 681 2317 Quidam
719 2268 834 2311 enim
872 2268 1144 2327 magistratus
1178 2268 1308 2310 rebus
1340 2268 1547 2311 omnibus

137 2336 389 2397 judicandis
417 2336 617 2394 praesunt.
677 2336 766 2379 Sed
796 2336 911 2378 enim
942 2336 1254 2385 correffionem
1284 2336 1416 2378 habet
1439 2335 1546 2377 civis

146 2405 360 2450 definitio,
418 2406 534 2448 Nam
557 2405 600 2447 in
621 2399 718 2447 aiiis
742 2404 992 2461 reipublicae
1023 2403 1365 2447 administrandae
1396 2403 1547 2447 formis

145 2489 234 2519 non
254 2473 522 2532 magistratus
546 2473 738 2516 infinitus
768 2472 1029 2515 consultator
1057 2483 1102 2516 et
1121 2472 1259 2530 judex
1278 2473 1351 2525 est,
1375 2472 1451 2515 sed·
1472 2487 1550 2530 pro

145 2557 308 2602 genere
334 2542 504 2600 imperii
533 2541 750 2584 definitus.
810 2541 895 2583 His
926 2540 1041 2583 enim
1075 2541 1298 2593 omnibus,
1328 2550 1404 2583 aut
1435 2556 1547 2583 non-

146 2607 277 2661 nullis
310 2625 462 2658 eorum
496 2609 689 2668 permiffa
720 2610 777 2652 est
804 2609 1070 2652 consultandi
1099 2624 1148 2652 ac
1170 2609 1393 2667 judicandi
1422 2619 1547 2668 pote-

148 2681 245 2733 stas,
279 2688 358 2723 aut
389 2679 445 2722 de
484 2680 612 2723 rebus
644 2678 863 2730 omnibus,
899 2687 975 2720 aut
1011 2677 1066 2720 de
1101 2678 1372 2736 quibusdam.
1435 2679 1550 2722 Quis

148 2747 286 2807 igitur
306 2747 354 2791 fit
381 2747 577 2801 civis‚,ex
607 2746 676 2790 his
707 2746 979 2804 perspicuum
990 2747 1082 2793 „est.
1146 2747 1235 2789 Qui
1267 2747 1382 2789 enim
1416 2750 1551 2805 potest

149 2816 417 2875 magistratus
451 2814 870 2868 ad‘consultandum
902 2824 948 2857 et
975 2814 1264 2874 judicandum
1296 2815 1548 2874 pertinentis

796 2895 827 2924 G
849 2897 883 2940 g
905 2895 928 2926 2
