1898 3308
364 136 454 194 582
699 137 892 184 ARIST.
923 141 1005 185 DE
1035 140 1242 184 REPUB.
1272 140 1330 184 V.
1364 151 1434 183 12.

365 272 485 300 mero
505 258 616 302 aneti
637 260 741 304 snt
773 270 817 305 et
835 262 876 305 in
899 263 1175 321 oligarchiam
1206 260 1478 313 democratia,
1498 259 1526 302 fi
1546 255 1738 315 loeuple-

365 333 430 366 toe
449 323 607 368 fuerint
635 328 911 372 multitudine
940 330 1172 387 superiores
1198 345 1248 373 ac
1280 327 1569 406 potentiores·
1600 334 1646 369 et
1672 323 1738 375 81:-

363 391 445 446 teri
477 393 649 450 quidem
678 394 918 454 negligant,
949 397 1070 439 alteri
1101 412 1201 440 vero
1231 398 1421 440 animum
1449 391 1670 438 attendant
1694 399 1741 444 et

365 459 633 521 diligentiam
656 462 901 507 adhibeant.
963 466 1018 507 Et
1046 479 1148 507 cum
1169 465 1246 507 fint
1267 464 1416 507 multae
1442 447 1739 522 mutandarum

366 530 780 608 rerumpublicarum
800 531 951 583 causae‚
968 546 1038 573 eas
1059 546 1143 573 non
1163 531 1358 588 exponit.
1390 530 1469 573 sed
1479 531 1590 572 hanc
1607 541 1738 572 unam

366 607 689 649 commemorat,
710 599 811 656 quia
829 597 930 640 dum
951 598 1117 655 profuse
1135 613 1183 640 ac
1202 598 1411 641 luxuriose
1431 597 1596 649 vivunt,
1615 594 1742 639 dum-

367 679 452 721 que
472 680 554 708 aere
572 665 710 708 alieno
728 666 981 718 obruuntur,
1002 675 1047 708 et
1065 665 1225 709 foenore
1242 666 1523 717 trucidantur,
1536 676 1739 740 pauperes

356 732 577 778 evadunt:
608 733 719 790 quafi
751 748 850 776 vero
879 749 1043 785 omnes,
1075 745 1150 776 aut
1179 734 1308 784 etiam
1335 732 1507 792 plurimi
1534 733 1588 775 ab
1616 730 1742 791 initio

367 799 447 842 fint
470 800 638 843 divites.
697 801 758 843 At
789 801 871 843 hoc
901 801 1047 843 falsum
1078 802 1152 846 est.
1210 803 1370 845 Verum
1402 816 1502 844 cum
1529 798 1743 858 aliqui‘ex

368 867 630 925 principibus
650 867 870 911 facultates
890 869 951 911 rei
971 869 1187 919 familiaris
1208 868 1537 927 consumpserint
1555 882 1606 912 ac
1626 866 1741 911 diffi-

368 935 524 991 parint,
546 950 612 978 res
633 951 762 979 novas
782 945 979 995 quaerunt
996 954 1007 979 :
1039 953 1138 980 cum
1157 953 1255 980 vero
1273 937 1365 980 aliis
1385 937 1499 980 idem
1525 934 1744 995 acciderit,

366 1003 476 1045 nihil
508 1005 566 1047 est
597 1004 716 1062 quod
751 1005 799 1047 fit
832 1020 1090 1063 magnopere
1129 1005 1444 1053 metuendum:
1485 1017 1624 1061 neque
1656 1017 1739 1045 un-

365 1086 499 1129 quam
521 1071 666 1129 *magis
697 1072 978 1115 commutatio
1007 1073 1054 1122 fit
1082 1072 1328 1130 oligarcbiae
1356 1072 1399 1114 in
1419 1069 1759 1123 democratiam‚‘

365 1154 498 1196 quam
527 1139 571 1181 in
601 1138 726 1182 aliam
751 1139 995 1198 reipublicae
1020 1140 1352 1190 administrandae
1374 1138 1570 1185 formam.
1629 1139 1740 1181 Prae-

368 1214 486 1249 terea
514 1222 612 1250 vero
646 1207 725 1250 five
759 1208 969 1250 honorum
1001 1223 1086 1250 non
1118 1209 1196 1250 fint
1222 1208 1464 1266 participa,
1485 1207 1564 1250 five
1590 1205 1764 1265 injuria·

368 1274 621 1327 afficiantur,
649 1274 728 1317 five
758 1275 1060 1318 contumeliose
1089 1285 1307 1328 vexentur,
1338 1274 1589 1321 seditionem
1621 1273 1739 1317 exci-

369 1350 485 1384 tant:
516 1351 560 1384 et
579 1341 823 1399 reipublicae
843 1342 1174 1386 administrandae
1195 1343 1351 1385 formas
1378 1350 1564 1394 mutant,
1584 1339 1741 1390 etiamsi

370 1423 461 1451 rem
480 1409 728 1452 familiarem
757 1424 840 1452 non
871 1409 1228 1467 consumpserint:
1259 1410 1360 1469 quia
1386 1409 1600 1453 licentiam
1630 1408 1744 1452 nacli

370 1476 481 1530 sunt,
517 1477 722 1536 quicquid
754 1478 901 1532 libeat,
935 1478 1146 1522 faciendi:
1188 1479 1312 1538 cujus
1343 1478 1404 1522 rei
1438 1478 1603 1523 causam
1638 1477 1746 1521 dicit

255 1543 363 1599 229
374 1545 453 1589 effe
474 1546 651 1589 nimiam
677 1546 936 1590 libertatem.
996 1548 1110 1590 Cum
1141 1547 1217 1589 fint
1247 1555 1390 1590 autem
1418 1546 1560 1604 plures
1584 1545 1745 1605 eligar-

371 1613 483 1658 ehiae
511 1624 557 1657 et
583 1614 870 1668 democratiae,
889 1615 1000 1673 quafi
1033 1623 1209 1674 utraque
1235 1616 1284 1660 fit
1310 1606 1409 1669 una,
1440 1614 1501 1660 ita
1527 1613 1747 1674 utriusque

373 1683 630 1727 mutationes
649 1683 823 1742 exponit
842 1684 1050 1729 Socrates-
