1898 3308
405 191 501 236 DE
543 191 978 236 REPUBLICA
1027 193 1107 236 IV.
1142 204 1211 250 17.
1419 202 1504 250 533

122 279 207 298 »dfo‘J
231 283 247 292 *⁴
260 283 264 285 “
1548 296 1553 301 s

114 311 273 360 ΜΒ
299 314 416 359 enim
445 323 522 359 aut
552 330 605 359 ex
634 315 886 374 quibusdam
917 315 1160 368 sumuntur,
1186 314 1262 373 qui
1293 315 1347 358 de
1376 315 1506 359 rebus

111 381 318 441 omnihus
339 382 557 442 judicent,
588 384 825 428 elediione:
857 392 933 427 aut
964 398 1017 426 ex
1046 383 1317 442 quibusdam,
1345 383 1421 442 qui
1450 385 1507 428 de

111 450 239 495 rebus
258 451 462 496 omnibus
473 451 687 511 judicent,
709 453 929 496 sortitione
949 469 960 495 ε
992 460 1067 495 aut
1085 452 1240 510 partim
1262 452 1505 506 sort-itione,

110 519 268 578 partim
307 520 545 565 eleffionet
587 532 663 566 aut
701 522 900 566 nonnulli
933 522 1032 565 sunt
1056 520 1260 579 judicum
1295 521 1506 564 consessus

110 586 258 647 iisdem
289 588 346 634 de
374 589 508 634 ‘rebus
539 605 594 633 ex
617 590 842 649 judicibus
874 589 1022 634 sortito
1055 589 1194 642 facilis,
1228 596 1272 631 et
1303 588 1505 647 suffragio

109 656 278 703 matis.
337 658 399 702 Hi
419 658 556 718 igitur
574 659 708 712 modi,
729 658 1092 718 quemadmodum
1124 656 1298 715 expoliti
1320 656 1430 707 sunt,
1451 656 1506 700 iis

109 739 219 784 quon
237 725 362 786 supra
378 726 586 780 diximus,
607 728 843 771 confimiles
870 728 982 771 sunt.
1046 727 1250 769 Praeterea
1281 740 1380 768 vero
1408 725 1503 768 haec

27 823 29 826 -
110 793 259 839 endem
278 794 448 854 judicia
475 794 684 853 duplicari
706 806 750 839 et
769 796 959 854 copulari
979 795 1162 854 possunt.
1222 794 1336 837 Dico
1358 803 1502 836 autem

114 861 251 916 (verbi
268 862 424 922 gratia)
449 863 476 906 fi
497 863 580 906 alia
597 864 772 922 quidem
793 879 845 907 ex
863 864 1082 916 omnibus,
1099 863 1182 906 alia
1201 878 1253 906 ex
1273 862 1501 920 aliquibus,

107 927 192 974 alia
219 944 275 974 ex
301 931 515 990 utrisque:
548 932 732 990 exempli
751 932 887 985 causa,
910 933 935 975 fi
957 932 1145 990 ejusdem
1168 930 1367 990 judicum
1394 945 1501 973 con-

20 996 23 997 ⁷
107 997 231 1043 seffus
251 1000 326 1044 alii
346 1001 424 1044 fint
443 1015 497 1044 ex
516 1001 736 1055 omnibus,
757 1001 828 1044 alii
849 1017 900 1045 ex
923 1001 1175 1060 quibusdam
1198 1018 1208 1043 z
1241 1009 1286 1042 et
1311 1009 1385 1042 aut
1411 1000 1499 1042 sor-

107 1067 279 1122 titione,
312 1078 388 1114 aut
418 1070 646 1125 eleffione,
677 1082 754 1114 aut
782 1080 984 1130 utroque.
1045 1071 1167 1115 Quot
1195 1070 1330 1129 igitur
1361 1069 1501 1113 modis

107 1137 262 1195 poffint
278 1127 570 1198 effejudioum
591 1140 813 1193 consessus,
833 1141 1068 1199 expositum
1096 1140 1168 1182 est.
1230 1141 1401 1182 Horum
1421 1136 1498 1183 a'u-
1522 1144 1536 1185 1
1556 1143 1618 1194 75

109 1214 200 1249 tem
221 1206 347 1265 primi
366 1207 542 1266 quidem
563 1208 659 1251 sunt
678 1209 915 1267 populares,
934 1209 1010 1266 qui
1029 1218 1104 1252 aut
1121 1209 1310 1251 constant
1329 1223 1383 1251 ex
1402 1223 1499 1251 om-

109 1274 255 1329 nibus,
275 1285 352 1319 aut
369 1276 465 1320 sunt
483 1277 538 1320 de
555 1278 756 1321 omnibus
776 1295 786 1320 ε
818 1277 991 1321 secundi
1018 1277 1072 1320 ad
1099 1277 1379 1336 oligarchiam
1401 1293 1500 1336 per-

108 1343 267 1398 tinent,
285 1359 441 1404 nempe
459 1346 534 1404 qui
555 1361 608 1389 ex
627 1346 879 1404 quibusdam
899 1347 1141 1400 sumuntur,
1161 1355 1206 1389 et
1225 1347 1279 1390 de
1298 1347 1501 1390 omnibus

98 1410 299 1470 judicant
312 1410 328 1456 ἐ
360 1413 491 1467 tertii,
513 1414 812 1459 aristocratiam
833 1424 878 1458 et
896 1415 1090 1473 politiam
1114 1415 1354 1473 attingunt,
1377 1415 1497 1459 vide-

107 1480 214 1525 licet
231 1482 308 1542 qui
326 1482 481 1543 partim
501 1498 556 1528 ex
575 1484 793 1539 omnibuS‚
814 1485 967 1543 partim
987 1499 1039 1529 ex
1059 1484 1313 1543 quibusdam
1330 1485 1500 1528 sumun-

110 1557 202 1596 tur.

127 1695 182 1714 *v

748 2950 893 2995 mmg
