1942 3320
475 190 563 243 416.
852 239 854 241 Ι
890 190 1413 235 »ARISTOTELIS

478 310 645 353 Cretes.'
701 310 770 354 Illi
807 311 922 355 enim
955 321 1106 357 caetera
1141 314 1290 358 eadem
1325 313 1449 358 servis
1481 307 1849 363 eoncedentoess‘u'o

476 379 784 435 permittentes,
805 380 1011 424 duntaxat
1027 382 1089 425 eis
1103 382 1458 426 'exercitationum
1477 383 1552 425 usu
1571 390 1618 425 et
1630 390 1849 427 armornm

391 455 459 496 45
478 446 716 503 poffeffione
743 448 1066 492 interdixerunt.
1124 450 1256 494 Quod
1277 451 1302 492 fi
1323 450 1466 508 qual-ia
1485 450 1528 492 in
1542 450 1646 492 aliis
1660 450 1844 494 muti-

475 514 573 567 bus,
603 515 705 558 talia
734 516 861 558 etiam
889 516 1000 573 apud
1023 517 1119 559 illos
1148 524 1290 569 erunt,
1306 517 1401 574 quis
1430 517 1511 560 erit
1529 517 1845 564 communionis

473 582 659 624 modus?
692 583 734 625 in
764 598 849 625 una
878 583 994 626 enim
1024 585 1196 626 civitate
1216 584 1331 627 duas*
1348 584 1429 626 effe
1457 583 1849 627 civitateszerwaeae

472 649 597 703 cesse„
611 651 760 708 easque
791 652 901 694 inter
930 652 971 694 se
999 652 1261 710 aliquantum
1292 653 1534 695 contrarius
1569 652 1713 696 'Facio
1726 653 1843 697 mim

472 718 664 761 custodes
693 719 866 776 quidem
889 719 1019 762 veluti
1039 720 1318 777 praefidiarios*
1338 720 1497 762 milites
1528 711 1842 779 etpropuguass

473 795 615 828 tores:
647 787 853 843 agricolas
881 796 1040 839 autem,
1067 797 1112 831 et
1139 788 1335 841 artifices,
1356 796 1400 830 et
1419 788 1538 840 alios,
1557 784 1842 832 oimw‘icri-

471 854 725 897 minationes
753 856 894 897 autem
915 863 960 896 et
980 855 1178 912 querelae,
1211 864 1256 903 et
1277 855 1454 913 judicia,
1474 853 1546 898 seu
1574 854 1843 909 affitioticqsset

470 936 756 979 quaecumque
774 923 858 964 alia
877 922 919 964 in
941 922 1183 965 civitatibus
1210 922 1368 965 haerere
1397 923 1509 966 mala
1535 922 1655 975 dicit,
1675 936 1842 970 wn-

470 989 543 1031 nia
567 989 610 1032 in
638 989 705 1032 his
732 1004 904 1048 quoque
934 990 1174 1033 haerebunt.
1231 989 1367 1047 Atqui
1398 990 1458 1033 ait
1484 990 1602 1034 idem
1630 991 1841 1045 Socrates,

469 1055 553 1098 suis
573 1057 735 1100 civibus
755 1057 902 1114 paudis
924 1058 1100 1100 omnino
1118 1057 1286 1115 legibus
1316 1072 1423 1114 opus
1451 1057 1646 1101 futurum
1671 1068 1843 1117 propter

469 1125 732 1183 disciplinam
751 1134 878 1182 atque
897 1125 1231 1169 institutionem:
1263 1124 1381 1167 verbi
1402 1125 1554 1182 gratia,
1572 1124 1842 1180 edilium-et

468 1193 714 1248 forenfibus,
733 1202 778 1238 et
796 1194 850 1237 ad
870 1209 935 1237 res
955 1193 1121 1236 venales
1148 1193 1459 1250 pertinentibus
1477 1201 1523 1236 et
1541 1192 1837 1245 aliistalibme
1866 1195 1871 1198 ’

468 1277 567 1305 eum
607 1262 869 1320 disciplinam
905 1262 1062 1304 tribuat
1106 1260 1345 1304 custodibus
1392 1269 1576 1304 tantum.
1630 1263 1847 1306 ‹Praetaea

466 1346 564 1374 vero
583 1331 791 1389 agricolas
810 1332 1020 1374 bonorum
1042 1338 1086 1373 et
1105 1329 1393 1388 poffeffionum
1415 1329 1508 1371 finit
1525 1329 1607 1372 effe
1625 1325 1839 1385 dentium,

466 1399 703 1442 dummodo
727 1399 910 1456 veEtigal
939 1398 1177 1456 impositum
1208 1397 1429 1455 penfitent.
1487 1397 1550 1439 At
1577 1397 1716 1440 multo
1738 1412 1838 1456 pm-

465 1467 652 1510 babilius
670 1468 742 1519 est,
761 1482 835 1510 eos
863 1467 1028 1524 asperos
1059 1474 1103 1508 et
1132 1465 1263 1508 elatos
1293 1473 1338 1507 et
1363 1464 1561 1521 superbos
1579 1463 1686 1529 fore,
1705 1480 1836 1524 quam

465 1536 578 1593 apud
597 1535 944 1579 Lacedaemonios
972 1534 1147 1586 eloteas,
1167 1532 1278 1589 apud
1305 1532 1518 1575 Thessalos
1545 1533 1774 1590 penesteae,
1792 1544 1839 1578 et

465 1604 615 1646 fimilia
649 1603 763 1660 apud
799 1602 906 1645 alios
943 1600 1122 1644 servitia.
1181 1599 1265 1644 Sed
1295 1599 1408 1643 enim
1443 1608 1588 1644 utrum
1610 1601 1710 1644 :fint‘
1741 1600 1838 1646 h'aec

465 1687 587 1729 aeque
606 1670 830 1714 necessaria
857 1684 991 1713 necne
1012 1670 1106 1721 lint,
1128 1682 1243 1711 nunc
1265 1667 1437 1725 quidem
1458 1667 1834 1713 nimiunn-defi-

464 1739 605 1782 nitum
624 1740 696 1782 est.
755 1739 870 1781 Tum
901 1752 1038 1794 neque
1070 1735 1124 1779 de
1153 1735 1303 1779 ceteris
1333 1734 1538 1793 proximis
1562 1743 1619 1778 et·
1637 1735 1837 1795 deincepfl

463 1807 755 1864 sequentibus,
795 1821 895 1864 quae
930 1805 979 1847 fit
1018 1804 1175 1849 horum
1209 1802 1454 1860 reipublicae
1499 1802 1859 1854 administrandae,

464 1875 574 1917 ratio
591 1884 637 1917 et
654 1873 887 1930 disciplina,
907 1888 1005 1930 quae
1025 1872 1158 1928 leges.
1215 1872 1374 1928 Neque
1399 1871 1458 1912 est
1486 1878 1630 1914 autem
1648 1871 1704 1914 ad
1719 1871 1849 1916 inve--

465 1943 670 1986 niendum
689 1941 846 1994 facile3
877 1955 1016 1998 neque
1044 1954 1190 1997 parum
1211 1938 1354 1991 refert,
1375 1938 1594 1996 quomodo
1621 1938 1700 1983 first
1727 1954 1836 1983 con-

383 2006 454 2058 46
466 2010 636 2054 formati
653 2010 707 2054 ad
735 2008 954 2053 custodum
984 2007 1337 2051 communitatem
1365 2006 1567 2061 tuendam
1595 2015 1642 2050 et
1667 2009 1836 2052 conser-

465 2079 662 2122 vandam.
710 2079 809 2121 Jam
828 2091 952 2134 porro
971 2076 998 2118 fi
1019 2075 1220 2118 mulieres
1238 2074 1410 2133 quidem
1425 2074 1554 2118 faciet
1569 2089 1836 2129 communes,

460 2147 884 2205 poffeffiones‘autem
905 2154 951 2187 et
967 2143 1190 2187 facultates
1210 2143 1396 2201 proprias
1420 2143 1594 2199 (etiamsi
1614 2143 1693 2186 fint
1711 2158 1834 2187 eom-

461 2230 613 2259 munes
643 2215 927 2274 agricolarum
958 2212 1231 2270 poffeffiones,
1260 2220 1388 2268 atque
1416 2213 1585 2267 uxores)
1617 2211 1715 2269 quis
1742 2221 1834 2256 rem

463 2277 709 2327 familiarem
748 2280 1064 2332 administrabit*
1087 2295 1138 2323 ac
1175 2279 1432 2337 procurabit,
1471 2278 1834 2338 quemadmodum

461 2369 551 2396 rem
572 2353 762 2396 rusticam
794 2365 940 2393 earum
970 2349 1046 2392 viri
1075 2348 1392 2391 administrant?
1425 2345 1666 2390 Absurdum
1689 2356 1833 2399 autem

460 2421 589 2463 etiam
609 2420 681 2472 est,
704 2419 814 2462 fa6'm
831 2433 929 2461 cum
955 2417 1094 2460 bestiis
1123 2415 1457 2472 comparatione,
1475 2415 1667 2471 probare,
1684 2414 1832 2465 eadem

459 2488 593 2530 studia
612 2487 726 2545 sequi
747 2486 982 2543 eademque
1001 2488 1177 2527 munera
1205 2483 1324 2526 obire
1353 2482 1550 2525 mulieres
1572 2490 1704 2539 atque
1723 2482 1833 2526 viros

459 2550 682 2613 oportere:
715 2569 815 2597 cum
845 2553 899 2596 ad
926 2552 1074 2595 bestias
1102 2551 1267 2594 nullum
1295 2550 1355 2592 rei
1384 2549 1621 2615 domesticae
1651 2549 1832 2592 studium

459 2623 680 2680 pertineat.
741 2621 977 2664 Periculosa
1004 2635 1126 2678 porro
1157 2619 1212 2662 est
1241 2619 1370 2661 etiam
1396 2618 1715 2675 magistratuum
1738 2632 1831 2660 cre-

458 2687 664 2734 andorum
683 2690 806 2742 ratio,
827 2688 1045 2747 quomodo
1065 2687 1238 2745 quidem
1271 2687 1464 2729 Socrates
1492 2694 1621 2728 creat.
1680 2686 1831 2742 Perpe-

458 2767 590 2816 petuo
610 2758 725 2801 enim
746 2757 837 2800 vult
854 2758 908 2799 ab
927 2756 1083 2799 eisdem
1104 2755 1284 2798 obtineri
1313 2754 1591 2812 magistratus.
1648 2752 1711 2795 At
1730 2752 1833 2794 hinc

458 2826 674 2870 seditionis
701 2825 823 2868 causa
853 2824 987 2867 oritur
1014 2824 1142 2867 etiam
1171 2822 1286 2880 apud
1311 2821 1507 2865 homines
1526 2820 1831 2878 contemptiffl-
