1898 3308
386 158 472 208 434
795 119 1318 196 ammomum&

386 278 529 330 coepto
558 270 765 316 destitisse.
824 270 993 317 Eorum'
1016 274 1150 333 igitur
1175 290 1272 334 quae
1301 273 1561 326 acciderunt,
1587 271 1769 318 canfen

384 339 583 382 sustinent
599 353 621 383 z>
641 354 770 398 quare
788 341 917 385 etiam
938 341 1072 400 hujus‘·
1085 344 1247 401 peccati
1267 343 1440 386 scilicet.
1500 343 1596 389 Nos
1614 342 1768 394 antem)

387 422 472 451 non
506 407 589 451 boc
622 409 870 467 quaerimus,
903 411 973 454 cui
1007 410 1410 470 fit'ignoscendum,
1440 410 1510 454 eui
1539 407 1767 453 ‘nomi-sed>-

384 475 491 533 quid
510 476 558 520 fit
570 477 703 530 reete,
723 478 830 536 quid
850 476 967 522 secus
997 478 1249 522 institutum.
1279 496 1283 501 ¹
1307 480 1469 533 Verum
1501 493 1551 521 ea
1582 476 1767 536 qun-dd:

383 544 578 588 foeminas
600 546 845 603 pertinent,
885 543 970 589 non
1009 547 1118 589 bene
1157 546 1345 589 instituta
1379 546 1592 600 yidentur,
1630 549 1760 589 utet

383 620 507 655 antea
526 612 690 656 di&um'
710 614 782 665 est,
802 613 885 671 ipsa
903 628 976 671 per
1004 614 1044 657 se
1074 629 1161 656 non
1191 613 1326 656 solum
1352 611 1757 671 rempublicam-de·
1784 664 1800 682 ο

384 681 596 734 decorare,
628 690 671 724 et
701 677 870 724 macula
889 682 1072 740 quadam
1103 681 1338 740 aspergere,
1367 680 1438 724 sed
1466 680 1520 723 ad
1545 680 1764 737 immodeet.

382 758 521 791 ratum
556 749 748 807 pecuniae
779 749 962 792 studium
993 749 1166 807 aliquod
1196 749 1431 808 adjuvare.‘
1465 749 1582 806 Nam
1610 747 1767 791 kenn-

382 815 486 858 dum
507 824 550 860 e‘t
570 826 719 874 praeter
738 831 787 859 ea
806 831 904 875 quae
924 816 1040 860 dieta
1058 818 1166 870 sunt,
1189 818 1398 860 bonorum
1426 815 1759 874 inaequalitatem

381 884 478 941 quis
511 881 816 941 reprehendere
852 873 1013 942 queat.¹
1056 884 1227 928 Accidit
1263 885 1378 928 enim
1414 892 1463 927 ut
1500 884 1767 928 coruus-:alii

381 952 471 994 rem
503 951 750 994 familiarem
781 953 1068 1010 ampliffimam
1095 953 1343 1011 *poffideanss
1373 953 1446 996 alii
1474 953 1766 1003 tehuifflmam,

381 1028 509 1077 atque
529 1020 870 1078 angustiffimam.
931 1020 1202 1079 Quapropter
1219 1021 1272 1063 ad
1292 1035 1451 1078 paucos
1476 1020 1758 1069 redastutssest

382 1100 484 1144 ager
515 1088 761 1145 Spartanus.
820 1089 920 1131 Hoc
950 1079 1093 1130 autern
1125 1088 1253 1130 etiam
1285 1088 1455 1146 legibus
1483 1088 1757 1134 conffitutum

300 1147 373 1201 66
383 1155 441 1196 est
459 1168 692 1214 perperam.
752 1155 869 1198 Fecit
887 1156 1002 1198 enim
1029 1156 1139 1199 lator
1158 1156 1265 1214 legis
1287 1165 1336 1198 ut
1353 1156 1759 1214 patrimoniummt

382 1227 504 1269 suum
526 1224 721 1276 vendere,
753 1232 828 1267 aut
857 1224 1044 1267 alienum
1073 1239 1228 1277 emere,
1248 1224 1477 1274 haberetur
1505 1236 1589 1268 nou
1619 1225 1755 1268 bones

382 1294 514 1336 stum:
546 1301 675 1349 atque
708 1292 791 1334 hoc
823 1291 953 1334 recte.
1011 1292 1213 1334 Donandi
1245 1301 1406 1344 autem,
1435 1302 1480 1334 et
1500 1293 1757 1337 testamento

378 1360 644 1418 relinquendi
664 1361 910 1417 potestatem
933 1359 1236 1417 licentiamque
1266 1360 1463 1418 permifit,
1485 1360 1560 1418 qui
1579 1359 1756 1405 vellent.

378 1429 515 1486 Atqui
535 1426 650 1471 idem
679 1427 845 1471 evenire
875 1427 1033 1470 neceffe
1052 1428 1108 1470 est
1128 1436 1173 1471 et
1192 1428 1275 1470 hoc
1292 1436 1338 1470 et
1355 1427 1432 1469 illo
1446 1427 1596 1471 modo.
1656 1430 1756 1473 Jam

379 1510 477 1539 vero
497 1510 550 1538 ex
565 1495 760 1553 quinque
776 1495 910 1538 totius
928 1495 1019 1553 agri
1040 1495 1228 1552 partibus
1249 1495 1348 1537 duae
1365 1494 1454 1538 fere
1478 1495 1572 1538 sunt
1599 1496 1766 1540 muno--

378 1580 491 1617 rum,
513 1562 605 1607 tum
626 1563 728 1621 quia
747 1563 896 1605 multae
917 1562 1071 1620 puellae
1092 1563 1206 1605 orbae
1226 1562 1422 1615 fiunt„ad
1437 1577 1541 1620 quas
1559 1564 1756 1608 omnium

377 1634 648 1689 paternorum
670 1631 882 1672 bonorum
900 1630 1091 1690 pervenit
1115 1629 1358 1683 haereditas,
1379 1639 1472 1674 tum
1502 1629 1604 1687 quia
1628 1645 1754 1689 mag..

379 1715 447 1742 nae
477 1699 572 1742 sunt
606 1697 843 1756 puellarum
879 1697 1132 1740 nubentium
1162 1697 1302 1741 dotes.
1360 1696 1496 1755 Atqui
1525 1698 1758 1755 praestabat,

380 1767 448 1810 vel
472 1766 648 1819 nullam,
670 1765 737 1808 vel
758 1765 976 1823 exiguam,
1001 1766 1070 1808 vel
1093 1765 1351 1808 mediocrem
1381 1765 1461 1810 effe
1489 1765 1757 1822 proefinitam.

379 1838 511 1878 Nunc
532 1843 673 1877 autem
695 1842 739 1876 et
757 1835 862 1890 patri
881 1833 1008 1875 filiam
1026 1843 1294 1890 paternorum
1314 1833 1524 1877 bonor-um
1543 1833 1757 1882 baeredem

378 1902 584 1954 futuram,
619 1901 799 1944 cuilibet
827 1901 868 1942 in
902 1901 1218 1944 matrimonium
1253 1901 1461 1944 collocare
1487 1900 1619 1945 licet:
1652 1910 1701 1945 et
1730 1901 1758 1945 fi

380 1980 499 2028 pater
535 1980 731 2013 mortuus
770 1969 818 2011 fit
852 1968 1085 2019 intestatus,
1124 1977 1198 2012 aut
1236 1983 1321 2012 non
1359 1967 1595 2025 expresserit
1634 1969 1757 2013 testa-

381 2049 543 2091 mento,
577 2039 646 2081 cui
679 2037 804 2079 filiam
839 2038 953 2079 suam
985 2036 1184 2079 collocari
1213 2036 1347 2079 velit:
1376 2051 1504 2094 quem
1539 2036 1780 2092 haeredemr

380 2107 612 2165 reliquerit,
633 2106 704 2148 hic
725 2105 796 2147 cui
818 2105 932 2157 velit,
954 2104 1151 2147 collocat.
1211 2105 1358 2164 Itaque
1378 2119 1476 2148 cum
1505 2103 1637 2162 pofl'et
1656 2120 1759 2163 ager

381 2178 611 2235 Spartanus
632 2174 751 2217 mille
782 2184 826 2221 et
856 2173 1116 2231 quingentos
1135 2172 1320 2229 equites,
1350 2180 1393 2215 et
1421 2171 1597 2230 triginta
1624 2172 1759 2218 millia

380 2244 584 2305 gravioris
610 2252 834 2287 armaturae
867 2242 1059 2299 peditum
1088 2241 1213 2294 alere,
1245 2256 1299 2283 ne
1328 2240 1450 2285 mille
1475 2241 1650 2299 quidem
1673 2257 1756 2287 nu—

381 2329 500 2356 mero
519 2321 662 2356 erant..
713 2313 775 2354 Re
794 2319 937 2353 autem
959 2318 1002 2352 et
1022 2319 1177 2352 eventu
1206 2309 1381 2366 planum
1401 2307 1561 2362 faflzum
1581 2309 1654 2362 est,
1674 2308 1759 2355 hoe

381 2382 434 2424 ab
465 2381 528 2424 eis
558 2394 775 2438 perperam
808 2379 888 2421 effe
918 2377 1171 2419 institutum.
1231 2377 1334 2419 Non
1367 2376 1480 2419 enim
1517 2391 1600 2421 una
1631 2375 1760 2435 plaga

381 2450 486 2492 huic
514 2449 679 2492 civitati
712 2446 871 2490 inflicta
901 2446 974 2498 est,
1002 2444 1072 2487 sed
1100 2460 1151 2487 ea
1179 2443 1372 2490 funditus
1402 2444 1561 2487 interiit
1588 2453 1760 2502 propter

380 2517 605 2559 hominum
626 2515 862 2573 penuriam.
922 2513 1138 2556 Dicuntur
1164 2520 1308 2555 autem
1340 2511 1620 2568 superioribus
1642 2512 1774 2570 regi-⁷

380 2586 462 2628 bus
492 2599 671 2641 regnum
704 2581 998 2624 obtinentibus
1019 2580 1094 2638 jus
1122 2578 1306 2623 civitatis
1335 2579 1615 2639 impertiviss'e¹
1633 2594 1758 2637 pere-

379 2651 531 2710 grinis,
558 2659 607 2693 ut
638 2665 690 2692 ne
719 2650 762 2691 in
789 2648 1013 2690 hominum
1033 2647 1251 2705 penuriam
1272 2646 1525 2699 inciderent,
1545 2646 1760 2702 diuturnis

379 2720 504 2762 bellis
536 2717 793 2762 conflictati:
831 2716 1036 2773 aiuntque
1065 2714 1283 2773 quondam
1314 2715 1472 2772 Spartae
1501 2714 1613 2758 cives
1640 2713 1760 2759 fuiffe

379 2788 446 2831 vel
477 2787 619 2830 decies
650 2785 783 2829 mille.
843 2785 1148 2827 Verumtamen
1180 2782 1260 2824 five
1291 2781 1387 2825 haee
1416 2795 1514 2825 vera
1539 2780 1650 2836 sunt,
1679 2781 1774 2827 five.
