1898 3308
431 199 529 246 Dr:
572 199 1001 246 REPUBLICA
1043 201 1175 247 vm.
1207 213 1249 259 7.
1452 201 1535 258 663

137 321 384 381 *512oe
416 322 588 385 fecisse:
633 331 728 368 tum
763 339 864 367 vero
901 324 1166 382 probabilius
1202 325 1276 379 est,
1315 331 1540 383 propterea

127 392 262 453 quod
282 392 484 439 tibiarum
504 393 800 438 discendarum
822 392 1046 452 disciplina
1065 393 1175 436 nihil
1195 393 1251 436 ad
1269 393 1428 437 mentis
1446 393 1540 452 agi-

138 461 352 513 ntionem
384 461 602 507 conferat:
637 462 849 507 Minervae
882 471 1028 506 autem
1067 462 1286 505 scientiam
1319 470 1364 504 et
1400 471 1535 505 artem

139 530 400 586 fflbuamue.
461 531 682 577 Quoniam
714 547 842 590 porro
869 530 1188 575 traciandorum
1210 539 1537 589 organorunLet

138 598 351 659 &angendi
385 600 573 644 muneris
608 599 756 644 mufici
785 599 1052 659 disciplinam
1081 599 1295 643 artificum
1321 599 1535 657 propriam

137 667 213 718 feu
230 667 496 712 artificialem
517 669 837 727 improbamus:
868 667 1131 712 artificialem
1152 675 1298 711 autem
1315 666 1385 709 seu
1401 666 1535 709 artifi-

141 734 270 780 cibus
287 737 611 796 qonvenientem
633 737 856 780 statuimus
875 752 987 789 eam,
1004 751 1102 794 quae
1121 735 1177 780 ad
1197 733 1428 779 certamina
1444 749 1540 791 per-

141 803 282 848 tinetz
324 805 386 862 (in
415 806 502 849 ‘hac
536 805 654 849 enim
690 805 727 849 is
757 805 834 863 qui
869 805 978 864 agit,
1010 820 1098 848 non
1129 804 1300 848 virtutis
1333 803 1436 856 suae,
1466 802 1539 846 sed

141 887 292 918 eorum
312 874 390 933 qui
409 873 606 928 audiunt,
626 875 874 933 voluptatis,
890 874 1101 933 hujusque
1122 874 1281 932 ineptae
1302 887 1352 916 ac
1372 872 1539 931 putidae

143 942 268 986 musa
297 943 502 987 musicam
532 939 703 999 traciat)
740 943 898 987 iccirco
932 944 1219 1002 ingenuorum
1255 941 1338 985 effe
1372 942 1538 1000 nequa-

139 1025 277 1070 quam
297 1011 548 1070 judicamus
574 1012 714 1071 operis
744 1011 874 1070 hujus
905 1011 1188 1064 funii’cionem,
1214 1010 1286 1053 sed
1314 1024 1537 1053 mercena-

141 1078 304 1124 riorum
335 1080 578 1141 hominum.
639 1083 789 1139 Itaque
811 1080 954 1124 evenit
980 1088 1030 1123 ut
1058 1079 1240 1123 evadant
1269 1078 1451 1122 artifices
1480 1077 1535 1121 li-

138 1148 339 1194 *ben-ales:
372 1149 469 1193 finis
498 1150 631 1204 enim,
656 1165 785 1208 quem
815 1149 888 1192 fibi
917 1158 1178 1207 proponunt,
1199 1156 1244 1192 et
1260 1162 1388 1206 quem
1415 1147 1535 1191 intu-

143 1226 289 1268 entur,
310 1218 448 1267 malus
470 1221 543 1263 est.
601 1219 716 1262 Nam
738 1219 960 1276 speciatur,
982 1217 1058 1276 qui
1079 1218 1251 1276 ineptus
1271 1226 1317 1260 et
1334 1216 1536 1260 indoaus
1553 1218 1651 1261 321

120 1341 124 1343 Δ
142 1287 219 1339 est,
238 1287 441 1331 musicam
461 1298 627 1333 mutare
643 1286 876 1331 consuevit.
928 1288 1080 1345 Itaque
1095 1286 1226 1329 etiam
1241 1285 1441 1337 artifices,
1460 1284 1537 1343 qui

138 1354 229 1399 sese
250 1356 305 1403 ad
333 1370 435 1403 eum
466 1356 715 1400 meditando
743 1364 1026 1413 componunt,
1047 1363 1141 1397 tum
1163 1353 1272 1412 ipsos
1291 1353 1537 1411 cujusdam-

139 1423 263 1469 modi
277 1424 426 1478 efficit,
445 1434 541 1471 tum
559 1439 712 1470 eorum
731 1438 923 1481 corpora,
941 1430 1112 1482 propter
1130 1420 1364 1465 motiones.

734 1575 936 1601 ,φ

685 1705 725 1749 C
739 1706 782 1748 A
797 1705 844 1748 P.
888 1704 997 1747 VII.
1661 1711 1755 1751 vn.

555 1818 623 1864 De
642 1819 856 1863 harmoniis
876 1828 915 1862 et
932 1818 1122 1863 numeris.

200 1911 382 1958 QUOD
397 1913 451 1957 ad
467 1912 711 1956 harmonias
729 1922 890 1967 autem,
905 1921 950 1955 et
969 1926 1187 1965 numeros,
1208 1918 1252 1954 et
1273 1910 1538 1969 disciplinam

142 1981 345 2041 pertinet,
368 1981 598 2024 videndum
630 1982 687 2025 est
716 1990 860 2026 utrum
892 1980 1095 2023 omnibus
1120 1980 1372 2034 harmoniis,
1392 1980 1538 2023 omni-

142 2050 305 2108 busque
332 2051 522 2094 numeris
552 2050 762 2093 utendum
795 2051 858 2102 fit,
881 2064 934 2092 an
962 2049 1105 2107 aliqua
1133 2048 1378 2092 *adhibenda
1397 2049 1448 2092 fit
1467 2049 1537 2093 di-

138 2119 323 2164 ffinssio·
379 2118 552 2163 Deinde
569 2119 625 2162 ad
645 2133 718 2162 eos
738 2119 816 2178 qui
836 2119 879 2161 in
902 2118 1166 2162 institutione
1196 2133 1427 2177 puerorum
1449 2118 1539 2162 ela-

136 2189 312 2242 borant,
341 2195 488 2232 utrum
520 2186 700 2231 eandem
731 2186 1028 2230 definitionem
1061 2186 1459 2240 accommodemus,
1483 2202 1538 2231 an

139 2256 312 2302 tertiam
343 2257 558 2316 quandam
589 2255 716 2299 aliam
749 2256 895 2298 afferre
927 2264 1138 2314 oporteat,
1171 2255 1375 2312 quoniam
1407 2256 1537 2298 mufi-

140 2340 238 2370 cam
256 2326 303 2369 in
322 2333 454 2370 cantu
481 2333 527 2368 et
557 2324 747 2367 numeris
776 2324 1007 2367 consistere
1023 2324 1249 2367 videmus:
1282 2323 1438 2366 horum
1458 2338 1537 2367 au-

132 2402 232 2439 tem
260 2403 494 2451 utrumque
513 2392 620 2451 quid
641 2392 694 2436 ad
715 2392 1020 2435 institutionem
1042 2401 1087 2435 et
1105 2392 1370 2450 disciplinam
1394 2392 1538 2450 pueri·

138 2461 228 2507 lem
259 2461 413 2515 valeat,
442 2476 527 2504 non
548 2461 607 2504 est
626 2459 938 2519 ignorandumz
969 2469 1015 2503 et
1043 2470 1140 2503 utra
1168 2460 1328 2504 mufica
1346 2461 1396 2503 fit
1414 2469 1538 2519 opta·

138 2530 285 2585 bilior,
311 2545 372 2574 ea
405 2545 504 2588 quae
545 2529 589 2572 in
625 2538 756 2573 cantu
793 2527 991 2581 confistit,
1025 2543 1079 2571 an
1118 2544 1216 2587 quae
1252 2529 1297 2572 in
1331 2530 1538 2573 numeris.

140 2601 256 2645 Cum
284 2599 421 2658 igitur
449 2598 753 2650 existimemus,
775 2597 1006 2640 nonnullos
1028 2597 1158 2655 hujus
1188 2598 1327 2640 aetatis
1355 2598 1538 2642 muficos

139 2676 186 2712 et
203 2667 409 2727 quosdam
429 2666 719 2725 philosophos,
740 2665 988 2724 quicunque
1006 2665 1116 2708 forte
1137 2680 1188 2708 ea
1205 2666 1416 2720 docirina,
1437 2681 1539 2724 quae

140 2736 198 2781 nd
232 2736 431 2780 muficam
470 2737 670 2793 pertinet,
705 2734 863 2777 eruditi
895 2733 1009 2788 sunt,
1045 2734 1184 2777 multa
1219 2734 1288 2777 his
1320 2734 1375 2778 de
1407 2735 1539 2778 rebus

141 2805 259 2850 κᾶε
275 2805 489 2864 disputata
515 2804 755 2848 tradidiffe:
786 2802 1050 2861 subtiliorem
1081 2804 1257 2862 quidem
1289 2812 1333 2846 et
1363 2818 1539 2847 accura-

142 2873 297 2920 tiorem
308 2875 373 2920 de
390 2873 566 2934 fingulis
584 2874 822 2918 sermonem
841 2886 916 2915 eos
934 2872 1011 2932 qui
1030 2873 1154 2932 plura
1179 2872 1442 2932 cognoscere
1461 2888 1537 2918 ve-

775 2954 807 2984 n
832 2956 861 2986 u
878 2954 910 2997 4
