1898 3308
453 232 537 279 628
606 202 608 206 ’
891 236 1392 291 Ammo-sams

450 370 527 413 per
545 354 585 399 se
604 356 872 403 confideratae
903 359 1004 404 situs
1034 358 1130 404 talis
1164 362 1373 419 optandus
1393 362 1464 415 est,
1485 368 1535 404 ut
1551 368 1736 421 quatuor
1764 355 1835 405 res

448 423 683 482 spectemus
705 443 715 470 ε
747 427 933 485 primum
969 429 1146 487 quidem
1176 430 1480 483 valetudinem,
1505 438 1706 488 tanquam
1735 442 1828 475 rem

285 494 288 498 “
331 495 430 538 281
450 493 735 537 necessariam:
757 496 886 539 urbes
906 495 1023 538 enim
1044 497 1098 539 ad
1116 496 1324 539 orientem
1344 497 1500 551 versus,
1519 506 1564 540 et
1595 497 1649 540 ad
1678 505 1829 540 ventos

448 562 503 605 ab
532 570 631 606 ortu
659 563 808 608 flantes
837 564 995 621 pofitae,
1016 564 1303 607 saluberrimae
1332 565 1460 608 sunt:
1492 565 1723 609 secundum
1749 564 1829 608 has

447 644 509 672 eae
540 646 637 689 quae
670 631 723 674 ad
756 631 1001 688 aquilonem
1035 631 1251 688 spectant:
1289 632 1358 674 hae
1391 632 1508 675 enim
1537 633 1594 676 ad
1624 633 1827 692 hyemem

446 697 654 742 salubrem
675 699 970 756 excipiendam
995 699 1090 741 sunt
1119 699 1413 757 appositioresz
1446 699 1617 753 deinde,
1636 699 1755 758 quod
1774 699 1830 743 ad

447 765 610 824 reliqua
637 767 807 819 attinet,
835 776 885 809 ut
914 776 958 810 et
988 767 1043 810 ad
1073 767 1217 810 civiles
1245 768 1431 811 actiones
1449 767 1566 811 etad
1585 767 1762 813 bellicas
1781 768 1831 811 fit

447 843 700 892 opportuna.
759 836 907 894 Atque
943 843 992 877 ut
1030 835 1085 878 ad
1124 835 1301 878 bellicas
1340 835 1514 894 quidem
1553 836 1740 880 aetianos
1779 835 1830 879 fit

446 911 558 959 apta,
582 917 674 944 eam
695 902 860 945 civibus
878 911 1047 960 oportet
1065 902 1203 945 exitus
1223 902 1380 946 habere
1399 903 1453 947 ad
1471 904 1705 947 exercitum
1725 903 1831 947 edu-

446 969 633 1011 cendum
654 968 800 1012 faciles
819 978 946 1027 atque
968 970 1191 1027 expeditos
1210 986 1220 1012 z
1254 970 1494 1014 adversariis
1513 970 1694 1016 acceffus
1714 971 1828 1015 diffi-

446 1036 565 1089 ciles,
585 1045 630 1079 et
650 1037 985 1080 circumsedendi
1004 1038 1115 1080 viam
1141 1038 1421 1095 impeditam:
1451 1040 1673 1097 postremo,
1694 1054 1828 1097 aqua-

445 1117 540 1145 rum
572 1105 727 1162 partim
760 1105 972 1158 stantium,
1010 1106 1165 1163 partim
1198 1106 1467 1148 manantium
1499 1114 1543 1149 et
1577 1106 1826 1164 perennium

445 1171 569 1230 copia
589 1173 774 1216 maxime
801 1173 977 1231 quidem
1005 1174 1174 1232 propria
1192 1182 1237 1216 et
1255 1174 1396 1216 nativa
1417 1174 1608 1232 suppetat
1625 1182 1796 1232 oportet
1814 1191 1827 1217 z

445 1238 502 1281 fin
524 1239 683 1293 minus,
706 1249 749 1282 at
779 1249 895 1283 certe
925 1241 1256 1299 excogitandum
1286 1241 1363 1284 tali
1392 1242 1669 1286 incommodo
1686 1255 1827 1286 reme-

443 1307 567 1350 dium
602 1309 674 1361 est,
697 1308 985 1352 construendis
1014 1308 1160 1351 multis
1191 1318 1235 1351 et
1265 1310 1434 1367 magnis
1465 1309 1742 1368 receptaculis
1772 1310 1826 1353 ad

444 1375 739 1434 excipiendam
772 1391 925 1433 aquam
958 1376 1164 1434 pluviam,
1183 1385 1233 1419 ut
1262 1392 1316 1419 ne
1346 1393 1536 1436 unquam
1555 1379 1725 1423 deficiat
1753 1393 1828 1422 eos

443 1458 566 1500 aqua,
588 1445 615 1486 fi
636 1443 747 1487 forte
767 1452 936 1502 propter
955 1444 1114 1487 bellum
1136 1446 1190 1487 ab
1210 1459 1314 1502 agro
1333 1446 1654 1502 prohibeantur.
1697 1447 1824 1490 Quo-

443 1511 559 1554 niam
579 1520 721 1554 autem
742 1516 907 1564 eorum,
928 1511 1002 1569 qui
1035 1512 1077 1554 in
1108 1512 1215 1555 urbe
1244 1512 1455 1566 habitant,
1478 1513 1730 1557 valetudinis
1757 1527 1825 1556 ra-

442 1578 505 1621 tio
533 1588 578 1622 et
606 1594 707 1623 cura
736 1579 933 1622 habenda
951 1579 1036 1622 est:
1068 1580 1153 1622 hoc
1179 1588 1320 1622 autem
1342 1581 1526 1637 primum
1547 1582 1591 1624 in
1611 1581 1727 1624 urbis
1747 1582 1826 1624 fitu

443 1647 639 1701 consistit,
671 1656 719 1691 ut
747 1657 791 1692 et
823 1648 869 1690 in
902 1648 1057 1691 salubri
1085 1648 1185 1691 loco
1221 1649 1294 1690 fita
1325 1648 1387 1701 fit,
1415 1658 1459 1691 et
1489 1647 1698 1692 salubrem
1726 1649 1825 1692 coeli

441 1723 604 1771 partem
624 1715 782 1772 spe6'tet
799 1715 1025 1758 :secundo
1043 1715 1139 1758 loco
1167 1715 1209 1757 in
1241 1715 1316 1757 usu
1338 1730 1541 1773 aquarum
1563 1716 1822 1760 salubrium:

441 1783 570 1825 etiam
590 1784 635 1825 in
655 1783 737 1826 hac
757 1799 801 1826 re
822 1784 1044 1841 diligentia
1064 1784 1278 1841 praecipue
1306 1784 1362 1825 est
1390 1782 1647 1827 adhibenda.
1707 1785 1821 1828 Qui-

441 1852 524 1894 bus
543 1852 660 1895 enim
684 1854 811 1896 rebus
838 1852 1063 1910 largissime
1083 1860 1127 1894 et
1148 1851 1399 1909 plerumque
1416 1852 1579 1895 utimur
1595 1851 1650 1894 ad
1669 1866 1823 1910 corpus
1879 1885 1882 1888 ι

441 1920 640 1963 alendum
670 1930 714 1963 et
743 1921 967 1972 tuendum,
991 1920 1082 1962 haec
1111 1919 1298 1962 maximo
1327 1919 1382 1977 ad
1412 1921 1702 1964 valetudinem
1727 1922 1823 1964 sunt

441 1988 716 2046 adjumento:
748 1998 793 2031 at
823 2003 1025 2046 aquarum
1056 1997 1100 2029 et
1129 1997 1350 2030 ventorum
1370 1988 1432 2030 vis
1451 1989 1526 2031 tali
1548 1999 1695 2032 natura
1712 2002 1820 2047 prae-

438 2056 532 2099 dita
563 2058 634 2098 est.
696 2058 967 2113 Quapropter
998 2055 1042 2097 in
1070 2055 1313 2098 civitatibus
1343 2055 1624 2112 prudentibus
1651 2066 1696 2100 et
1723 2070 1819 2100 cor-

439 2124 565 2178 datis,
586 2124 613 2166 fi
643 2138 792 2167 omnes
821 2138 942 2180 aquae
971 2138 1055 2164 non
1086 2124 1163 2164 fint
1193 2123 1359 2175 similes,
1380 2131 1424 2165 et
1443 2123 1469 2164 fi
1491 2137 1575 2166 non
1595 2124 1644 2167 fit
1663 2124 1818 2168 harum

438 2207 646 2249 aquarum
676 2191 926 2249 perennium
959 2190 1103 2247 copia3
1135 2198 1305 2247 oportet
1339 2198 1383 2232 et
1399 2198 1483 2233 'eas
1514 2206 1610 2249 quae
1642 2191 1738 2236 sunt
1767 2190 1822 2235 ad

440 2261 600 2303 vietum
621 2268 885 2317 opportunae,
906 2267 950 2300 et
970 2272 1041 2300 eas
1064 2273 1159 2315 quae
1180 2257 1232 2299 ad
1252 2257 1382 2300 alium
1417 2258 1536 2301 usum
1567 2270 1821 2318 comparatae

438 2330 533 2372 sunt
554 2337 718 2380 natura,
740 2327 946 2384 separatas
965 2326 1044 2368 effe
1066 2341 1115 2368 ac
1135 2326 1364 2369 distinctas.
1422 2328 1492 2369 De
1515 2327 1621 2370 locis
1641 2329 1820 2372 munitis

440 2407 583 2441 autem
616 2412 701 2438 non
731 2396 932 2438 omnibus
963 2409 1158 2451 peraeque
1187 2394 1434 2436 civitatibus
1463 2395 1612 2438 eadem
1643 2394 1817 2454 expedi-

440 2476 520 2510 unt
539 2483 548 2508 ε
581 2465 762 2522 exempli
783 2465 918 2515 causa,
940 2478 1012 2505 arx
1031 2463 1148 2504 edita
1167 2469 1296 2519 atque
1317 2463 1481 2505 excelsa
1508 2463 1754 2522 oligarchiae
1776 2475 1820 2508 et

439 2533 696 2577 monarchiae
729 2530 894 2588 proprie
927 2529 1154 2572 convenit:
1186 2528 1272 2570 loci
1307 2529 1570 2585 aequabilitas
1605 2545 1704 2574 vero
1738 2532 1816 2575 de-

438 2602 680 2645 mocratiae:
714 2598 976 2641 aristocratiae
999 2605 1216 2649 neutrum,
1238 2596 1309 2638 sed
1339 2596 1480 2653 potius
1510 2597 1604 2640 loca
1632 2598 1750 2641 firma
1775 2609 1818 2643 et
1893 2602 1898 2612 ⁴

437 2670 604 2712 munita
641 2667 873 2724 complura.
935 2665 1195 2708 Privatornm
1243 2678 1368 2720 porro
1414 2665 1688 2708 aedificiorum
1740 2668 1816 2711 de-

437 2739 606 2796 scriptio
637 2737 797 2778 suavior
825 2735 897 2776 illa
924 2734 1100 2792 quidem
1130 2733 1326 2785 habetur,
1347 2742 1392 2776 et
1419 2734 1473 2776 ad
1502 2733 1603 2776 alias
1627 2735 1818 2780 aetiones

438 2808 598 2858 utilior,
622 2807 646 2847 fi
671 2804 832 2863 singula
861 2818 1010 2845 eorum
1037 2802 1131 2844 loca
1163 2801 1241 2844 fint
1269 2802 1480 2859 explicata
1506 2802 1638 2861 atque
1657 2815 1816 2862 aperta,
1888 2860 1890 2862 -

322 2872 423 2914 282
439 2885 481 2921 et
501 2890 620 2919 more
638 2873 723 2917 hoc
740 2871 992 2924 recentiore,
1012 2879 1057 2914 et
1085 2883 1152 2924 ec,
1174 2870 1296 2928 cujus
1318 2869 1512 2914 inventor
1537 2869 1619 2914 fuit
1645 2872 1813 2930 Hippo·
1883 2870 1891 2906 3
