1942 3320
449 187 1011 235 DE'2REPUBL10A
1055 187 1092 229 I.
1123 187 1166 230 6.
1407 190 1492 244 395

126 315 254 360 euius
272 313 304 358 ii
332 313 406 372 qui
435 313 626 372 pecuniae
654 311 893 371 quaerendae
923 310 1103 362 student,
1124 322 1306 351 numum
1333 317 1496 366 augent

41 375 43 378 Α
67 432 71 433 ⁷
127 383 306 429 infinite.
366 384 503 427 Causa
522 392 664 427 autem
681 382 812 440 hujus
834 381 894 423 rei
921 381 994 433 est,
1015 379 1298 422 earuminter
1326 378 1366 420 se
1395 393 1494 434 pro-

126 451 341 511 pinquitas
357 460 401 495 et
421 451 666 498 similitudo.
725 450 921 493 Alternat
948 448 1064 490 enim
1092 445 1276 506 ejusdem
1302 445 1362 488 rei
1381 445 1495 498 usus,

127 523 234 565 cum'
248 519 296 563 flt
314 502 532 576 utriusque
554 519 727 562 rationis
747 518 800 561 ad
819 517 1044 575 pecuniam
1073 515 1344 574 quaerendam
1365 515 1495 572 perti-

127 582 284 632 ΜΒ.
314 587 414 635 Ad
433 584 618 631 eundem
637 587 752 630 enim
773 584 893 629 usum
913 585 1098 643 pertinet
1125 595 1265 627 rerum
1285 591 1496 640 partarum

126 650 326 716 Wffim
363 671 511 700 verum
544 671 630 700 non
668 653 820 698 eodem
854 654 1014 696 modo:
1053 652 1124 696 sed
1159 652 1289 710 hujus
1322 650 1496 708 quidem

126 717 235 768 'alius
267 719 360 768 finis
389 725 462 778 est,
492 723 606 767 illius
639 733 782 766 autem
811 721 1097 781 amplificatio.
1155 722 1306 778 Itaque
1331 720 1572 778 videtur21

127 793 378 852 quibusdam
397 793 487 836 hoc·
499 792 578 835 effe
597 792 771 835 rationis
797 791 968 834 tuendae
986 791 1046 834 rei
1064 789 1282 833 familiaris
1310 803 1468 832 munus
1485 822 1497 843 ζ

103 859 335 916 [θεῖτνῑηρ
355 855 560 903 sententia
578 860 852 919 perseverant,
873 869 947 903 aut
967 859 1142 911 servare,
1163 867 1236 900 aut
1256 872 1412 916 augere
1431 857 1501 900 in-

129 924 249 971 finite
271 942 366 972 rem
394 929 632 972 numariam
664 938 870 986 oportere.
931 927 1065 972 Causa
1086 935 1230 970 autem
1250 925 1376 984 hujus
1397 925 1499 968 affe·

131 995 283 1039 &ionis
313 997 387 1048 est,
416 996 533 1054 quod
563 997 730 1039 vivendi
759 997 896 1039 studio
926 996 1150 1046 ducantur,v
1181 1010 1266 1037 non
1298 995 1407 1037 bene
1437 994 1500 1036 vi-

131 1062 273 1106 vendi.
331 1060 444 1106 Cum
474 1064 522 1106 fit
550 1063 682 1121 igitur
711 1063 875 1106 infinita
900 1063 1107 1120 cupiditas
1127 1062 1216 1115 illa,
1238 1062 1284 1104 fit
1302 1070 1352 1105 ut
1371 1061 1501 1105 etiam

131 1128 358 1174 efficientia
390 1132 491 1175 vitae
527 1132 773 1190 voluptariae
807 1132 975 1175 infinita
1013 1132 1326 1189 concupiscant.
1386 1131 1503 1174 Qui-

133 1213 319 1258 cumque
351 1210 496 1244 autem
531 1201 658 1244 etiam
695 1202 747 1244 ad
786 1202 898 1244 bene
934 1201 1163 1243 vivendum
1201 1215 1345 1243 curam
1385 1201 1503 1242 suam

133 1268 372 1322 conserunt,
392 1278 607 1327 ·quaerunt
648 1269 763 1313 unde
805 1270 897 1312 suas
944 1269 1198 1326 cupiditates
1236 1269 1420 1326 explere,
1447 1269 1504 1311 'et

134 1331 425 1395 voluptatibus
464 1337 650 1392 corporis
690 1337 846 1395 perfrui
890 1338 1055 1395 poffint.
1115 1339 1266 1395 Itaque
1302 1337 1503 1413 quoniam

133 1405 219 1448 hoc
250 1405 293 1448 in
319 1420 460 1449 rerum
489 1414 702 1463 partarum
732 1405 971 1464 poffeffione
999 1406 1126 1449 ineffe
1154 1406 1335 1458 videtur,
1365 1405 1506 1447 omnis

135 1487 283 1517 eorum
307 1489 452 1539 opera,
472 1483 602 1533 atque
631 1474 738 1517 adeo
760 1483 849 1517 tota
868 1484 970 1517 aetas
999 1474 1043 1517 in
1073 1475 1251 1532 pecunia
1277 1475 1507 1532 quaerenda

135 1535 423 1587 eonsumitur
456 1552 500 1586 et
524 1552 693 1601 propter
711 1543 822 1586 hanc
842 1544 1006 1586 causam
1028 1544 1157 1586 altera
1176 1545 1368 1602 pecuniae
1387 1558 1506 1602 quae-

136 1610 295 1654 rendae
312 1611 421 1654 ratio
452 1611 695 1655 introduea
721 1612 794 1655 est.
853 1612 967 1654 Nam
1005 1626 1105 1654 cum
1137 1612 1326 1655 fruendae
1353 1612 1508 1670 volup-

137 1681 240 1725 tatis
271 1681 412 1725 nullus
447 1681 495 1724 fit
531 1681 700 1733 modus,
735 1681 944 1724 rationem
978 1697 1074 1739 quae
1111 1681 1265 1723 efficiat
1299 1681 1511 1724 immode-

138 1750 347 1793 rationem
380 1749 648 1807 voluptatum
681 1748 969 1802 fruendarum,
996 1749 1269 1807 conquirunt.
1331 1749 1461 1793 Quod
1484 1749 1513 1791 fi

139 1832 213 1876 per
254 1825 388 1861 artem
426 1818 618 1876 pecuniae
657 1817 895 1876 quaerendae
933 1817 1175 1875 comparare
1216 1833 1300 1860 non
1344 1819 1512 1876 poffint,

140 1887 223 1930 alia
268 1887 545 1945 ‘experiuntur
573 1886 654 1938 via,
685 1901 940 1944 unaquaque
978 1886 1179 1929 facultate
1216 1886 1269 1928 ad
1307 1888 1516 1944 quaestum

142 1956 382 1999 abutentes.
445 1954 723 1997 Fortitudinis
761 1955 877 1996 enim
908 1955 965 1997 est
1002 1969 1086 1996 non
1124 1954 1348 2012 pecuniam
1384 1956 1517 1998 confi-

141 2035 251 2074 cere,
274 2021 345 2065 sed
369 2021 566 2065 fiduciam
585 2021 766 2080 gignere
783 2038 794 2063 z
811 2014 967 2078 ‘neque
993 2023 1094 2064 artis
1124 2022 1420 2080 imperatoriae,
1442 2031 1518 2066 aut

141 2089 364 2133 medicinae
382 2107 393 2132 ι
425 2089 495 2132 sed
522 2089 637 2132 illius
667 2089 844 2148 quidem
865 2090 1102 2143 victoriam,
1123 2090 1252 2148 hujus
1272 2099 1415 2134 autem
1434 2093 1515 2134 bo-

142 2167 243 2200 nam
263 2157 548 2214 valetudinem
568 2157 637 2200 seu
655 2157 871 2200 sanitatem
903 2158 1082 2201 efficere.
1142 2159 1353 2202 Homines
1372 2168 1516 2203 autem

143 2225 221 2270 has
254 2241 404 2270 omnes
441 2226 618 2270 virtutes
648 2241 697 2268 ac
728 2226 951 2269 facultates
980 2226 1141 2269 faciunt
1175 2227 1515 2285 pecuniae¹quae-

141 2295 284 2338 rendae
309 2295 508 2348 rationes,
527 2295 702 2353 perinde
721 2311 770 2338 ac
792 2295 816 2336 fi
838 2294 908 2338 hic
928 2295 976 2337 fit
995 2295 1115 2338 finis:
1147 2295 1201 2338 ad
1231 2296 1356 2338 finem
1373 2305 1518 2340 autem

145 2355 289 2406 omnia
306 2362 450 2406 referri
470 2372 676 2421 oporteat.
734 2364 803 2406 De
832 2363 994 2406 ratione
1022 2363 1157 2422 igitur
1186 2365 1378 2421 pecuniae
1395 2377 1517 2422 quae-

139 2431 288 2486 rendae
318 2442 412 2474 tum
443 2446 527 2474 non
556 2431 793 2483 necessaria,
826 2447 923 2489 quae
954 2433 1017 2484 fit,
1037 2440 1081 2474 et
1110 2447 1238 2489 quam
1265 2432 1322 2474 ob
1352 2434 1518 2476 causam

147 2515 243 2544 eam
261 2501 524 2558 requiramus
544 2517 554 2543 :
586 2508 680 2543 tum
710 2500 930 2543 necessaria
953 2500 1081 2558 (hanc
1099 2500 1274 2557 quidem
1293 2501 1372 2543 effe
1391 2502 1445 2544 ab
1467 2517 1519 2545 ea

146 2569 380 2613 diversam:
412 2584 507 2612 eam
531 2578 692 2620 autem,
714 2584 811 2626 quae
840 2569 893 2611 ad
921 2584 1012 2612 rem
1041 2568 1290 2612 familiarem
1314 2570 1518 2614 tuendam

146 2637 343 2696 pertinet,
365 2652 547 2696 quaeque
581 2637 623 2679 in
655 2638 779 2680 rebus
809 2637 862 2680 ad
891 2637 1053 2681 victum
1072 2637 1303 2680 necessariis
1323 2639 1527 2695 parandis,

147 2717 356 2786 occupata
382 2708 455 2759 est,
488 2708 568 2750 effe
595 2715 755 2750 naturae
783 2708 1123 2760 consentaneam,
1145 2723 1283 2766 neque
1313 2717 1361 2751 ut
1386 2709 1517 2762 illam,

146 2774 228 2819 elie
257 2774 572 2819 interminatam
602 2784 731 2835 atque
761 2775 987 2831 infinitam,
1010 2776 1082 2821 sed
1102 2776 1263 2820 finitam
1290 2791 1338 2820 ac
1369 2777 1516 2820 termi-

147 2844 308 2898 natam)
331 2844 494 2888 dicium
514 2844 586 2887 est.
