1898 3308
1794 0 1898 127 *a

1879 132 1889 153 ,ki

464 152 551 205 480
902 130 1398 200 Ams‘romms

351 281 371 321 1
388 268 452 320 16
464 271 620 316 entus
652 287 752 316 nam
782 289 918 332 neque
947 252 1097 335 pictor,
1127 254 1321 322 animalis
1347 279 1498 337 pedem
1517 276 1596 322 effe
1625 275 1826 341 mitiorem

461 334 581 393 finat,
602 356 730 399 quam
764 344 943 400 partium
974 345 1086 388 inter
1113 346 1153 389 se
1182 339 1445 390 commensus
1465 356 1510 390 et
1535 345 1830 409 convenientia

458 409 653 466 postulat,
675 425 728 453 ne
759 411 784 453 fi
815 411 1117 469 pulcritudine
1134 414 1310 492 quidem
1341 414 1549 458 excellat·
1581 428 1720 493 neque
1751 429 1827 457 na-

459 476 574 520 vium
596 478 737 536 opifex
764 481 955 538 puppim,
975 481 1154 526 aliamve
1182 482 1300 526 navis
1329 491 1490 540 partem
1520 474 1694 541 reliquis
1715 481 1828 560 justo
1863 530 1865 533 ¹

458 545 660 603 majorem
681 548 760 590 effe
781 549 990 625 patiatur·
1022 565 1160 607 neque
1180 550 1300 593 chori
1322 550 1516 608 magister
1535 563 1636 594 eum
1651 550 1726 607 qui
1748 565 1825 594 vo-

386 613 393 617 “
459 613 522 656 cis
542 613 688 657 sonum
719 615 920 674 majorem
952 627 995 680 et
1026 617 1265 670 meliorem,
1294 633 1422 675 quam
1442 616 1595 661 chorus
1613 608 1828 672 universus

459 681 602 734 edat,
591 698 636 724 m
657 683 836 726 chorum
862 675 1053 742 recipiat,
1075 694 1119 727 et
1150 700 1250 728 cum
1279 692 1331 728 e'o
1362 684 1507 728 saltare
1525 695 1569 746 et
1589 677 1756 736 cantare
1775 685 1825 727 fi-

459 761 548 792 nat.
609 751 759 808 Itaque
792 752 899 794 nibil
930 754 1063 796 obstat
1090 753 1321 810 quominus
1349 753 1559 811 principes
1576 742 1704 798 soli*
1689 755 1825 811 impe-

456 827 612 870 rantes,
642 825 749 874 quos
781 817 1031 864 monarChos
1059 820 1273 878 appellant
1293 820 1450 873 Graeci,
1470 820 1550 865 hac
1578 815 1753 886 'quidem
1773 821 1828 864 de

418 938 423 945 ι
457 885 594 936 causa,
629 901 729 928 cum
761 887 1004 930 civitatibus
1034 889 1293 932 concordent
1320 898 1366 938 et
1396 889 1640 942 concinant,
1665 881 1725 942 fi,
1726 902 1827 934 cum

419 969 421 971 ¹
455 953 674 1009 proprium
709 968 856 996 eorum
887 954 1113 1012 imperium
1146 948 1387 998 civitatibus
1418 956 1541 1002 utile
1558 955 1628 1009 fit„
1647 954 1734 1007 hon
1761 955 1825 998 fa-

456 1021 585 1064 ciant.
648 1023 891 1068 Quocirca
881 1039 923 1065 ιιι
947 1023 1210 1067 excellentiis
1239 1023 1576 1086 incontroverfis,
1588 1031 1638 1071 ,et
1650 1023 1709 1068 de
1727 1023 1825 1081 qui-

455 1089 567 1132 bus
557 1099 666 1134 mter
685 1107 834 1135 omnes
857 1091 1115 1145 convenit,c
1092 1091 1213 1135 civile
1229 1091 1475 1153 quoddam
1455 1106 1531 1149 Jus
1537 1078 1678 1142 ὶιιῇεῐ
1694 1091 1825 1135 ‘ostra-

455 1156 576 1200 cismi
595 1159 719 1200 ratio.
780 1159 973 1202 Praestat
962 1159 1093 1217 igitur
1107 1158 1282 1201 latorem
1305 1158 1481 1217 quidem
1495 1156 1604 1217 legis
1623 1146 1758 1212 statim
1771 1152 1825 1202 ab

455 1225 596 1279 initio,
616 1214 862 1284 reipublicae
892 1227 1228 1271 administrandae
1258 1226 1436 1270 formam
1468 1227 1530 1270 ita
1549 1221 1824 1289 concinnere,

454 1303 506 1353 ut
540 1311 625 1338 non
661 1306 785 1354 egeat
818 1297 894 1340 tali
927 1297 1145 1340 remedio·
1178 1298 1235 1339 fin
1264 1296 1374 1339 forte
1407 1296 1612 1351 evenerit,
1645 1284 1826 1357 secunda

454 1364 672 1423 navigatio
701 1365 773 1419 est,
805 1365 879 1408 tali
912 1365 1094 1429 quedam
1124 1363 1335 1408 medicina
1367 1363 1557 1424 adhibita
1585 1361 1738 1426 Γιιιιιε
1753 1364 1827 1409 co-

450 1433 559 1476 nari.
619 1434 751 1477 Quod
787 1421 831 1476 in
865 1433 1109 1476 civitatibus
1142 1448 1228 1476 non
1264 1432 1418 1475 fiebat.
1439 1430 1551 1477 non
1588 1432 1704 1477 enim
1741 1433 1825 1476 suae

452 1489 696 1558 reipublicae
734 1501 1069 1556 administrandae
1107 1500 1254 1544 formae
1295 1499 1525 1544 utilitatem
1563 1500 1823 1558 specstabant,

452 1567 524 1612 sed
551 1568 743 1612 seditiose
774 1568 1016 1611 ostracismis
1046 1569 1288 1612 utebantur.
1349 1569 1400 1611 In
1428 1567 1704 1627 reipublicae‘
1693 1569 1825 1627 igitur

452 1636 787 1680 administrandae
815 1636 979 1690 formis,
1009 1651 1105 1693 quae
1138 1651 1164 1679 a
1193 1635 1319 1679 rectis
1338 1635 1614 1694 deflexerunt,
1630 1635 1716 1680 hoc
1735 1636 1822 1694 pri-

451 1705 584 1763 vatim
606 1705 803 1763 expedire
831 1713 875 1748 et
893 1705 1054 1763 justum
1086 1703 1180 1756 effe,
1212 1703 1478 1762 perspicuum
1511 1703 1603 1747 est.
1641 1704 1823 1751 Fortaffe

452 1787 552 1815 vero
572 1773 701 1816 etiam
722 1788 806 1833 non
826 1772 1067 1830 simpliciter
1085 1771 1164 1814 effe
1174 1771 1350 1830 justum,
1372 1786 1425 1813 ne
1445 1769 1530 1814 hoc
1547 1770 1724 1835 quidem
1741 1772 1822 1815 ob-

450 1842 618 1885 scurum
658 1842 732 1884 est.
800 1841 883 1884 Sed
923 1840 968 1883 in
1002 1841 1167 1897 optima
1202 1839 1448 1910 reipublicae
1483 1832 1823 1886 administrandae

449 1909 587 1953 forma
606 1909 783 1953 multam
815 1909 944 1951 habet
969 1906 1295 1954 dubitationem
1308 1906 1362 1949 ad
1391 1905 1691 1964 explicandum
1709 1906 1820 1949 diffi-
1892 1899 1897 1903 ’

451 1979 594 2032 cilem,
625 1994 709 2022 nou
744 1979 770 2020 fi
806 1978 854 2020 fit
886 1978 929 2022 in
960 1967 1103 2033 aliquo
1136 1975 1316 2018 aliorum
1342 1975 1553 2020 bonorum
1571 1973 1824 2018 excellentia

449 2047 586 2104 (verbi
622 2046 774 2104 gratia,
796 2046 964 2097 virium,
985 2053 1028 2086 et
1047 2043 1307 2095 divitiarum,
1336 2051 1382 2085 et
1409 2042 1644 2085 amicorum
1659 2042 1821 2090 multi-

449 2115 626 2168 tudinis)
662 2114 733 2157 sed
766 2114 792 2155 fi
830 2112 927 2170 quis
965 2110 1180 2162 exstiterit,
1216 2110 1291 2167 qui
1326 2109 1502 2153 virtute
1514 2108 1608 2157 aliis
1641 2111 1820 2169 praestet,

450 2183 557 2241 quid
577 2182 623 2225 fit
643 2197 749 2239 opus
769 2181 896 2227 facto.
905 2182 911 2188 '
953 2181 1054 2222 Non
1074 2179 1190 2222 enim
1212 2177 1303 2236 jam
1323 2176 1507 2221 dixerint
1526 2177 1653 2220 talem
1685 2178 1820 2222 virum

449 2251 530 2294 effe
561 2250 839 2307 exigendum,
873 2256 1002 2305 atque
1034 2262 1058 2289 e
1092 2246 1227 2303 patria
1253 2243 1651 2289 exterminandum:
1682 2260 1820 2306 neque

449 2333 549 2362 vero
580 2317 654 2359 tali
687 2317 776 2359 viro
806 2314 1115 2374 imperandum.
1176 2312 1324 2359 Simile
1351 2312 1466 2362 enirn
1495 2311 1623 2356 fuerit
1644 2322 1770 2371 atque
1791 2313 1820 2357 fi

447 2386 625 2443 imperia
660 2384 888 2442 partientes
925 2383 966 2426 se
997 2382 1096 2425 Jovi
1131 2381 1343 2439 imperare
1375 2379 1642 2438 postulet-*eun
1699 2380 1820 2425 Reli-

449 2470 582 2514 quum
604 2454 737 2511 igitur
755 2453 812 2495 est
836 2451 967 2509 (quod
988 2450 1152 2493 videtur
1171 2450 1230 2491 ita
1247 2457 1539 2517 comparatum
1557 2444 1637 2495 effe
1651 2450 1815 2503 natura)

448 2530 500 2564 ut
520 2535 667 2563 omnes
689 2520 790 2562 huic
811 2519 923 2562 ultro
942 2525 1127 2574 pareant,
1148 2531 1198 2559 ac
1227 2516 1438 2558 libenter:
1469 2525 1514 2558 et
1539 2514 1713 2574 quidem
1742 2515 1823 2568 ita,

450 2599 500 2632 ut
520 2588 624 2632 tales
645 2587 719 2631 viri
739 2587 783 2630 in
804 2585 1047 2631 civitatibus
1069 2585 1146 2627 smt
1165 2582 1355 2642 perpetui
1374 2597 1514 2642 reges.
1547 2591 1550 2595 “
