1898 3308
234 858 306 900 IV.

448 192 533 248 654
899 193 1404 238 ARISTOTELIS

446 314 698 371 cognoscere
737 314 853 367 licet,
894 330 1046 373 pucros
1086 317 1165 360 arti
1206 332 1430 375 corporum
1479 317 1853 372 exercendorum·
1888 308 1898 358 *f

446 397 576 439 quam
615 383 919 441 gymnasticam
959 384 1171 442 appellant
1207 386 1363 438 Graeci,
1402 395 1446 429 et
1482 386 1563 428 arti
1599 391 1826 445 poerorum
1888 379 1898 406 '⁴

446 450 572 492 variis
607 451 909 494 certaminibus
956 451 1228 494 terendorum
1268 467 1318 495 ac
1356 452 1659 506 durandorum,
1683 456 1826 511 quam

446 517 766 574 paedotribicam
788 527 955 570 vocant,
986 519 1065 561 effe
1100 519 1356 561 tradendos:
1387 520 1535 563 harum
1563 521 1677 564 enim
1697 520 1837 564 altera
1897 529 1898 533 ’

446 586 633 644 corporis
668 586 864 630 habitum
905 586 1158 639 conformat,
1201 587 1330 630 altera
1369 587 1610 632 affectiones
1634 597 1700 632 et
1723 602 1824 631 mu·
1893 586 1898 599 “

449 669 564 697 nera.

1001 771 1278 793 ψ

1002 865 1039 907 C
1058 865 1093 906 A
1115 865 1159 907 P.
1205 865 1284 907 IV.

843 979 909 1020 De
928 978 1116 1020 athletica
1137 987 1173 1020 et
1187 976 1445 1037 gymnqstica.
1537 1036 1543 1063 l

458 1071 461 1073 ’
503 1068 682 1111 NUNC
709 1067 841 1126 igitur
874 1068 1030 1125 quibus
1060 1068 1303 1111 civitatibus
1334 1067 1531 1110 maximae
1563 1079 1675 1110 curae
1700 1067 1822 1126 pueri

445 1135 642 1178 videntur
660 1136 755 1189 effe,
776 1151 917 1179 earum
950 1135 1043 1178 aliae
1073 1136 1328 1178 athletarum
1359 1134 1555 1178 habitum
1576 1135 1822 1193 corporibus

445 1204 692 1256 conciliant,
723 1213 767 1247 et
796 1204 951 1247 formas
982 1212 1207 1262 corporum
1241 1211 1574 1261 corrumpenteS,
1599 1212 1644 1246 et
1674 1217 1818 1246 eorum
1890 1197 1895 1203 ’

445 1271 717 1314 incrementis
743 1282 958 1315 nocentes.
1020 1273 1080 1314 At
1112 1272 1424 1315 Lacedaemonii
1455 1272 1498 1314 in
1531 1271 1616 1314 hoc
1645 1271 1820 1330 quidem

444 1355 530 1381 non
551 1349 742 1397 peccant,
765 1339 833 1382 sed
862 1354 1015 1397 pueros
1036 1339 1255 1382 laboribus
1285 1340 1492 1382 immanes
1521 1348 1569 1382 et*
1593 1336 1703 1382 feros
1721 1336 1822 1382 red-³

444 1407 568 1461 dunt,
591 1408 764 1465 proinde
785 1408 894 1464 quafi
920 1409 1002 1449 hoc
1023 1407 1075 1450 ad
1096 1407 1390 1450 fortitudinem
1418 1407 1649 1464 plurimum
1670 1407 1819 1450 valeam

444 1475 598 1533 Atqui,
640 1475 999 1533 quemadmodum
1038 1474 1321 1532 saepenumero
1364 1475 1526 1517 dictum
1567 1475 1820 1532 est,'>neque

445 1558 544 1596 una,
578 1557 717 1600 neque
751 1543 831 1585 hac
862 1542 1048 1584 maxime
1078 1539 1230 1584 v'irtute
1257 1541 1452 1599 spe&ata,
1473 1557 1574 1585 cura
1601 1543 1819 1600 in¹pueros

443 1611 498 1652 est
532 1611 803 1654 conferenda.
863 1612 934 1662 Et,
965 1610 988 1652 fi
1022 1610 1171 1652 demus
1206 1609 1316 1652 hanc
1348 1609 1475 1651 etiam
1511 1609 1710 1652 virtutem
1739 1609 1820 1652 effe

327 1676 384 1718 31
405 1679 422 1717 l
445 1679 724 1735 spectandam,
747 1694 800 1721 ne
829 1679 913 1721 hoc
941 1678 1114 1735 quidem
1134 1677 1416 1735 assequuntur.
1475 1678 1595 1719 Nam
1608 1682 1744 1735 neqn'e
1775 1677 1818 1719 in

441 1747 535 1790 aliis
572 1749 859 1791 animantibus
897 1763 1033 1804 neque
1073 1747 1115 1789 in
1156 1746 1249 1788 aliis
1286 1745 1488 1803 gentibus
1523 1745 1816 1788 fortitudinem

442 1816 633 1859 moribus
653 1815 958 1859 immaniffimis
979 1826 1020 1857 et
1042 1814 1326 1857 efferatiffimis
1352 1813 1552 1855 comitem
1572 1812 1822 1872 adjunctam

440 1883 520 1926 eff'e
537 1885 765 1937 cernimus,
787 1884 853 1926 sed
876 1881 1206 1925 mansuetiffimis
1226 1882 1366 1939 potius
1386 1891 1428 1923 et
1448 1881 1645 1924 leoninis.
1694 1881 1822 1923 Mul-2

442 1963 496 1995 tae
517 1963 659 1995 autem
679 1954 774 1995 sunt
796 1953 1003 2004 nationes,
1029 1968 1125 2009 quae
1145 1951 1195 1993 ad
1220 1951 1430 1993 necandos
1460 1950 1671 2002 homines,
1692 1959 1735 1992 et
1763 1950 1822 1992 ad·
1889 2008 1891 2010 -

442 2021 690 2063 vescendum
731 2022 929 2063 carnibus
970 2019 1165 2062 humanis
1204 2019 1301 2061 sunt
1340 2018 1485 2060 faciles
1514 2033 1562 2060 ac
1592 2018 1819 2083 proclives,-

438 2089 800 2146 quemadmodum
842 2104 893 2130 ex
933 2088 984 2130 iis
1035 2087 1199 2144 populis
1248 2086 1322 2144 qui
1373 2088 1551 2128 Pontum
1600 2087 1814 2139 accolunt,

438 2157 591 2199 Achaei
611 2166 654 2199 et
674 2157 886 2199 Heniochi
908 2173 919 2198 ε
942 2165 1070 2213 atque
1090 2171 1138 2196 ex
1162 2156 1362 2212 gentibus
1384 2153 1703 2196 mediterraneis
1722 2153 1814 2195 aliae

438 2225 652 2268 nonnullae
686 2225 836 2283 partim
871 2223 1057 2266 similiter
1080 2234 1206 2280 atque
1237 2224 1303 2264 hae
1334 2223 1495 2273 vivunt,
1519 2221 1670 2280 partim
1693 2222 1819 2266 dete:

438 2294 525 2335 rius
563 2303 692 2351 atque
728 2293 986 2335 immanius:
1039 2306 1132 2348 quae
1172 2291 1225 2333 ad
1264 2290 1600 2334 latrocinandum
1641 2290 1818 2348 quidem

438 2362 559 2404 factae
582 2363 677 2404 sunt
706 2370 868 2413 natura,
889 2360 956 2402 sed
988 2358 1236 2401 fortitudine
1263 2358 1377 2400 nulla
1406 2367 1602 2416 exparte
1630 2359 1818 2416 praeditae

436 2431 548 2472 sunt.
611 2431 813 2471 Praeterea
842 2443 940 2470 vero
971 2427 1313 2470 Lacedaemonios
1335 2427 1444 2482 ipsos
1472 2426 1639 2478 scimus,
1661 2441 1811 2484 quam·

438 2497 513 2538 diu
544 2497 572 2539 ii
603 2496 646 2538 in
678 2496 809 2538 studio
839 2495 1031 2537 laborum
1065 2494 1522 2544 affidueversabantur,
1544 2493 1637 2534 aliis
1656 2493 1818 2549 praesti--

437 2564 540 2616 tiffe,
564 2579 677 2606 nunc
698 2573 840 2605 autem
870 2572 913 2604 et
942 2561 1313 2604 exercitationibus
1337 2571 1380 2602 et
1399 2560 1702 2603 certaminibus
1721 2560 1817 2602 bel-..-

438 2632 532 2674 licis
554 2633 607 2674 ab
628 2631 719 2673 aliis
742 2630 922 2673 Graeciae
953 2627 1120 2686 populis
1140 2629 1317 2685 superari
1336 2645 1347 2670 ε
1380 2643 1463 2670 non
1492 2628 1604 2671 enim
1622 2628 1818 2685 eoquod¹

436 2715 588 2757 pueros
608 2699 953 2742 etadolescentes
969 2698 1055 2740 hoc
1077 2696 1206 2738 modo
1228 2706 1486 2751 exercerent,
1507 2696 1673 2738 caeteris·
1699 2710 1817 2752 prae-·

436 2768 623 2809 stabant:
654 2767 723 2809 sed
757 2781 808 2808 eo
841 2765 992 2815 solum,
1020 2765 1136 2821 quod
1164 2765 1204 2806 in
1236 2779 1324 2816 eOS,
1346 2765 1418 2822 qui
1452 2765 1492 2806 se
1521 2779 1606 2806 non
1638 2778 1816 2806 exerce-·

435 2838 570 2889 bant,
584 2841 842 2878 exercerent.
891 2834 1049 2877 -Quare
1080 2833 1242 2890 primas.-
1267 2842 1420 2889 partes,
1456 2832 1692 2884 honestum,
1727 2847 1811 2874 non
