1898 3308
393 188 492 235 m:
532 172 958 234 REPUBLICA
999 189 1107 235 vn.
1142 202 1211 245 14.
1412 189 1497 247 ⁶35
1546 200 1572 218 =

26 302 44 324 ⁵
69 312 71 316 ⁴
102 313 307 375 Μιι
334 312 468 371 pofita
495 313 599 357 effet
625 326 778 357 eorum
806 312 882 370 qui
901 311 1127 370 imperant,
1147 327 1233 370 prae
1254 311 1307 355 iis
1325 310 1400 371 qui
1420 310 1497 355 sub

100 374 285 440 fflerio
301 380 416 435 sunt,
435 381 688 424 excellentia
706 396 718 423 ι
749 379 1013 438 perspicuum
1035 380 1092 422 est
1112 379 1242 422 satius
1270 379 1362 422 fore
1382 379 1496 422 sem-

101 462 182 509 per
196 448 297 493 illoc
311 448 485 508 quidem
507 448 678 507 praeeffe
697 457 828 507 atque
846 447 1070 506 imperare,
1089 447 1170 489 hos
1197 461 1296 489 vero
1316 447 1498 503 imperio

101 528 249 577 patere
279 518 484 561 omnino.
562 517 750 561 Quando
788 524 933 560 autem
971 530 1057 558 non
1097 515 1157 557 est
1194 514 1279 557 hoc
1317 514 1498 557 inventu

41 592 56 609 “
101 592 179 629 aut
205 594 354 644 paratu
383 585 525 638 facile,
562 576 706 644 neque
736 585 797 628 ita
827 584 986 637 evenit,
1019 592 1069 627 ut
1101 583 1162 626 ait
1196 582 1352 640 Scylax
1384 582 1497 639 apud

103 651 238 696 Indos
257 653 363 707 fieri,
383 668 508 712 reges
527 653 607 697 effe
630 662 850 711 tantopere
870 652 924 695 iis
945 652 1021 710 qui
1040 651 1116 695 sub
1137 665 1287 694 eorum
1317 649 1498 707 imperio

101 721 216 776 sunt,
249 723 520 780 prestantes:
564 722 769 765 nimirum
809 730 978 780 propter
1013 721 1173 764 multas
1207 718 1350 767 causas
1385 719 1498 762 cives

102 804 254 834 omnes
282 790 477 835 fimiliter
503 779 741 850 imperandi
770 800 815 834 et
845 790 1020 849 parendi
1053 789 1242 842 viciffim,
1263 796 1307 832 et
1326 802 1405 846 pro
1424 788 1499 831 sua

99 859 280 919 quisque
308 868 429 919 parte
460 860 538 903 fint
569 859 794 918 participes
826 859 987 903 neceffe
1018 859 1106 902 est:
1139 873 1237 901 nam
1262 866 1307 900 et
1331 856 1498 916 aequale

99 927 179 971 feu-
208 942 398 987 equum,
433 928 491 971 est
523 927 639 971 idem
676 928 912 971 similibus:
949 936 994 970 et
1027 925 1274 984 reipublicae
1308 924 1494 968 admini-

101 995 276 1040 flmndae
309 996 510 1050 formam,
549 1012 647 1055 quae
679 1006 830 1040 contra
856 996 931 1055 jus
966 996 1013 1039 fit
1043 995 1286 1048 constituta,
1321 994 1498 1038 manere

100 1063 276 1109 difficile
294 1066 377 1108 est:
410 1080 511 1109 cum
532 1065 585 1108 iis
604 1065 719 1109 enim
741 1065 818 1124 qui
837 1065 914 1108 sub
935 1064 1115 1122 imperio
1141 1063 1252 1117 sunt,
1276 1060 1497 1122 conjuncti

99 1133 199 1177 funt
216 1142 264 1177 et
282 1133 523 1192 conspirant
540 1149 710 1187 omnes,
737 1135 813 1192 qui
843 1133 888 1176 in
919 1133 1095 1192 regione
1119 1133 1232 1187 sunt,
1253 1147 1396 1176 rerum
1416 1147 1498 1175 no-

100 1217 246 1247 varum
267 1203 411 1262 cupidi
431 1221 442 1247 z
474 1213 518 1246 et
537 1212 588 1247 ut
610 1204 640 1247 ii
660 1204 737 1262 qui
762 1204 1071 1262 rempublicam
1101 1203 1410 1254 administrant,
1431 1210 1499 1246 tot

19 1295 25 1300 ›
103 1271 185 1314 fint
203 1286 399 1324 numem,
419 1280 471 1316 ut
494 1272 576 1315 hos
608 1287 759 1316 omnes
789 1274 980 1331 superare
1011 1281 1189 1330 queant,
1209 1286 1345 1314 unum
1366 1269 1498 1328 quid-

99 1338 202 1382 dam
235 1353 386 1384 eorum
416 1340 476 1384 est
503 1355 600 1399 quae
631 1340 719 1383 fieri
751 1355 837 1383 non
868 1339 1052 1398 possunt.
1111 1338 1498 1382 Verumenimvero

101 1407 208 1466 quin
238 1407 287 1462 ii,
318 1407 393 1466 qui
423 1408 586 1452 civitati
619 1408 802 1467 praesunt
825 1418 953 1466 atque
982 1408 1210 1467 imperant,
1232 1407 1286 1450 iis
1314 1407 1390 1465 qui
1419 1408 1497 1451 sub

100 1476 280 1536 imperio
298 1479 410 1533 sunt,
430 1480 686 1523 antecellere
717 1480 919 1533 debeant,
941 1494 1070 1522 nemo
1095 1479 1138 1521 in
1171 1478 1495 1522 controverfiam

99 1555 240 1590 vocat.
298 1549 534 1607 Quomodo
561 1549 694 1606 igitur
713 1549 808 1591 haec
828 1547 973 1591 futura
992 1548 1086 1601 fint,
1108 1556 1152 1591 et
1171 1548 1394 1606 quomodo
1412 1547 1497 1590 rei-

101 1614 288 1673 publicae
325 1616 698 1659 administrationis
739 1617 953 1660 consortes
998 1617 1077 1659 fint
1114 1616 1264 1669 futuri,
1303 1615 1496 1674 scriptori

102 1683 254 1743 legum
285 1684 516 1728 videndum
545 1686 617 1728 est.
678 1685 857 1728 Diecum
887 1700 986 1728 vero
1019 1685 1078 1728 est
1103 1685 1185 1728 hac
1205 1685 1260 1727 de
1280 1700 1325 1727 re
1343 1684 1464 1743 supra
1482 1702 1495 1729 ε

103 1761 256 1797 natura
273 1754 390 1797 enim
418 1754 610 1813 eligendi
640 1753 889 1797 facultatem
922 1754 1057 1806 dedit,
1080 1769 1179 1812 quae
1206 1753 1310 1797 fecit
1329 1769 1496 1807 eorum,

104 1821 182 1880 qui
218 1822 315 1866 sunt
349 1822 479 1866 iidem
513 1837 672 1883 genere
706 1831 750 1866 et
784 1838 982 1876 numero,
1023 1823 1128 1865 alios
1155 1822 1354 1881 juveneS,
1390 1823 1498 1867 alios

100 1890 248 1934 senes:
279 1906 463 1950 quorum
483 1891 583 1935 illos
603 1891 779 1950 quidem
807 1891 932 1935 decet
951 1907 1111 1950 parere,
1134 1892 1213 1934 hos
1234 1906 1336 1934 vero
1355 1891 1496 1950 impe-

102 1974 212 2003 rare.
271 1962 417 2004 Nemo
447 1969 590 2004 autem
620 1969 794 2018 propter
826 1970 997 2003 aetatem
1023 1975 1173 2018 parens
1202 1960 1400 2018 imperio,
1427 1961 1496 2003 in-

102 2027 325 2087 dignetur,
345 2043 486 2087 neque
517 2030 559 2072 se
586 2029 807 2072 meliorem
833 2030 913 2072 effe
943 2037 1082 2088 putet,
1103 2029 1332 2087 praesertim
1351 2031 1428 2088 qui
1450 2031 1500 2074 fit

102 2095 189 2140 hoc
208 2111 366 2141 munus
386 2097 557 2140 viciffim
578 2106 850 2155 accepturus,
870 2097 945 2141 ubi
966 2097 1124 2155 justam
1144 2106 1316 2141 aetatem
1335 2098 1497 2156 attige-

0 2207 9 2217 χι
100 2164 174 2208 rit.
235 2165 439 2210 Quodam
460 2166 596 2224 igitur
624 2166 919 2210 modo=iidem
950 2166 1161 2224 imperare
1180 2177 1225 2210 et
1244 2182 1391 2225 parere
1411 2168 1495 2211 im-

0 2262 17 2302 β
100 2233 222 2292 perio
251 2233 424 2278 dicendi
450 2234 561 2288 sunt,
592 2242 636 2278 et
665 2235 988 2292 quodammodo
1016 2235 1119 2278 alii:
1151 2250 1283 2293 quare
1312 2245 1357 2279 et
1385 2252 1496 2296 quo·
1509 2246 1616 2302 290

102 2301 336 2346 dammodo
354 2302 533 2346 eandem
565 2303 833 2361 disciplinam
862 2303 1067 2347 adhibere
1099 2304 1263 2346 necefl'e
1291 2304 1364 2358 est,
1384 2320 1498 2363 quo-

0 2384 27 2437 ᾗ
101 2370 335 2418 dammodo
353 2371 495 2414 aliam.
555 2372 671 2414 Nam
692 2380 736 2415 et
755 2381 804 2415 ut
824 2372 860 2415 is
880 2372 953 2431 qui
972 2373 1084 2415 bene
1110 2372 1394 2429 imperaturus
1422 2374 1498 2427 est,

103 2439 290 2499 primum
313 2440 499 2499 paruerit
518 2441 716 2498 imperio,
738 2441 860 2484 aiunt
878 2450 1087 2499 oportere.
1151 2441 1386 2498 Imperium
1416 2457 1497 2486 au.

16 2555 17 2559 ,
103 2516 212 2562 tem,v
229 2508 595 2567 quemadmodum
627 2509 755 2552 tertio
774 2509 885 2552 libro
910 2509 1076 2552 dictum
1096 2509 1168 2562 est,
1188 2509 1307 2552 aliud
1328 2510 1386 2553 est
1405 2510 1499 2569 ejus

101 2577 177 2635 qui
198 2577 394 2635 imperat,
417 2578 580 2636 gratiaz
612 2577 748 2630 aliud,
769 2578 862 2637 ejus
881 2578 956 2635 qui
978 2577 1158 2636 imperio
1187 2587 1333 2636 paret:
1366 2587 1496 2636 atque

10 2663 24 2705 ᾗ
99 2645 257 2693 horum
276 2645 388 2690 illud
408 2646 600 2705 quidem,
622 2646 851 2704 imperium
878 2647 1043 2689 domini
1071 2647 1114 2689 in
1146 2646 1300 2700 servos,
1323 2646 1395 2690 seu
1414 2647 1494 2690 he-

0 2706 31 2772 ¹}
102 2714 180 2759 rile
206 2714 422 2759 dicimus:
454 2715 540 2759 hoc
572 2730 686 2768 vero,
711 2715 939 2773 imperium
968 2715 1012 2758 in
1042 2715 1217 2758 liberos.
1277 2715 1498 2760 Differunt

6 2773 25 2790 ⁰
100 2791 244 2827 autem
274 2783 480 2827 nonnulla
498 2799 648 2828 eorum
667 2800 766 2842 quae
787 2785 1064 2842 imperantur,
1086 2800 1174 2828 non
1194 2784 1317 2828 factis
1335 2794 1380 2828 et
1397 2801 1496 2829 mu·

102 2851 294 2906 neribus,
313 2852 385 2897 sed
404 2852 505 2899 fine.
566 2853 786 2898 Quocirca
805 2853 1025 2898 honestum
1044 2853 1175 2898 etiam
1188 2852 1424 2912 juvenibus
1444 2854 1500 2898 iis

26 366 38 395 ἑ.

10 420 19 435 ο,

6 447 12 460 ¹.

10 475 18 486 'A

13 493 23 508 ,

5 526 11 551 “,
22 523 30 551 <¹

0 562 25 597 33
30 593 32 595 .

8 599 14 609 “’
19 610 24 625 τ

8 853 10 860 ,

17 911 25 926 ,v

0 963 14 991 ,τ’
22 956 23 961 ,

2 1019 24 1085 ,ς

0 1106 2 1114 .

2 1115 7 1141 2

0 1162 7 1173 7
11 1169 14 1176 ι

3 1194 7 1204 Ι

0 2539 2 2546 ”
4 2450 20 2462 2
3 2374 19 2391 4
0 2304 22 2358 *uf*
