1898 3308
408 155 525 253 594
676 248 679 253 .
839 174 1344 234 Ams‘ro‘rtms

409 312 628 356 letvetiam
648 311 702 356 ad
721 312 821 368 hoc,
839 321 890 356 ut
908 329 974 357 res
995 313 1037 356 in
1056 311 1270 372 judicium
1301 309 1511 364 dedu&ae‚
1531 302 1690 366 melini
1706 305 1786 366 jn&
1815 329 1817 334 r

409 381 634 426 dicentur:
665 381 899 439 locupletes
927 382 1042 426 enim
1071 382 1230 425 multos
1256 381 1351 425 'dies
1369 395 1395 423 a
1413 376 1702 438 suis‘negotiin
1717 376 1785 420 'fa-

411 449 646 493 miliaribus
665 449 798 493 abeffe
818 450 994 493 nolunt:
1026 450 1153 492 breve
1173 459 1341 506 tempus
1362 462 1445 490 non
1469 446 1637 491 nolunt.
1695 436 1787 488 'Ubi

411 526 556 560 autem
590 518 816 576 vectigalia
847 518 957 570 sunt,
987 517 1228 559 faciendum
1259 531 1345 558 non
1377 515 1450 565 est,
1479 513 1598 572 quod
1623 511 1787 556 faciunt

410 601 525 630 nunc
544 586 706 630 tribuni
727 586 876 643 plebis,
896 585 967 628 seu
986 586 1099 627 leves
1120 583 1263 641 populi
1285 583 1498 627 ductores.
1553 582 1787 639 Nam-quae

411 654 531 697 faecis
550 654 786 712 sumptibus
805 653 1038 696 necessariis
1059 652 1266 710 superant,
1282 650 1441 709 populo
1458 648 1655 693 dividunt
1668 665 1681 692 ι
1710 647 1789 703 ille

411 731 554 766 autem
591 723 711 766 fimul
743 731 787 765 et
819 722 989 779 accipit,
1011 730 1054 764 et
1084 722 1224 764 rursus
1253 729 1353 778 eget
1380 719 1554 763 iisdem:
1585 717 1644 761 est
1671 716 1788 778 enim

414 790 576 833 dolium
611 790 827 848 pertusum
860 790 956 833 talis
983 789 1035 831 ad
1068 788 1274 832 auxilium
1306 786 1534 846 egentibus
1566 782 1788 828 ferendum

297 865 400 906 244
414 868 657 916 comparata
685 858 870 916 largitio.
931 857 1015 900 Sed
1042 865 1224 914 oportet,
1245 872 1345 899 eum
1364 855 1439 913 qui
1459 869 1554 898 vere
1573 846 1794 912 popularis

414 929 485 980 est,
518 943 570 971 ne
599 923 832 969 multitudo
861 927 908 968 fit
939 925 1067 968 nimis
1100 939 1248 983 egens,
1275 924 1525 982 providere:
1556 922 1653 965 haec
1674 918 1793 965 enim

415 996 538 1038 causa
575 997 632 1037 est
671 1009 802 1052 quare
846 993 993 1036 vitiosa
1030 994 1078 1036 fit
1115 992 1388 1035 democratia.
1446 987 1791 1048 Excogitandum

412 1063 547 1121 igitur
577 1063 750 1121 aliquod
779 1062 1003 1104 artificium
1036 1062 1108 1112 est,
1130 1070 1179 1103 ut
1207 1060 1411 1103 diuturna
1430 1058 1479 1100 fit
1497 1057 1620 1116 copia
1635 1054 1708 1101 ''rei
1724 1050 1791 1100 fa-

414 1130 607 1173 miliaris.
669 1130 885 1173 Quoniam
912 1139 1056 1172 autem
1088 1128 1172 1171 hoo
1199 1127 1327 1170 etiam
1355 1125 1556 1168 divitibus
1575 1122 1792 1176 conducit,
1814 1180 1817 1182 μ

415 1214 466 1241 ea
487 1215 583 1257 quae
603 1214 654 1242 ex
673 1198 953 1255 vectigalibus
984 1197 1239 1248 efficiuntur,
1259 1202 1427 1252 oportet
1458 1194 1500 1236 in
1532 1206 1666 1236 unum
1685 1204 1792 1235 con-
1812 1201 1819 1207 '

414 1275 612 1325 gerentes
659 1275 704 1309 et
742 1276 1039 1309 coacervantes
1088 1264 1314 1323 egentibus
1360 1261 1551 1306 universa
1587 1256 1790 1313 dividere,

416 1334 601 1376 maxime
620 1333 796 1391 quidem
817 1333 842 1374 fi
863 1333 958 1389 quis
978 1340 1143 1374 tantum
1165 1344 1410 1373 coacervare
1428 1329 1565 1386 ponit,
1583 1334 1790 1387 'quantum

414 1400 512 1443 satis
534 1402 580 1443 fit
598 1401 652 1443 ad
672 1415 846 1457 parvum
868 1400 999 1457 agelli
1023 1398 1198 1441 modum
1228 1396 1558 1454 comparandum
1577 1411 1588 1438 ε
1620 1395 1678 1437 fin
1704 1393 1791 1437 mi-

418 1485 514 1522 nus,
547 1477 595 1511 ut
626 1469 811 1510 habeant
841 1467 1086 1509 facultatem
1117 1474 1161 1508 et
1191 1465 1435 1522 adjumenta
1458 1465 1708 1506 mercaturae
1725 1462 1791 1505 fa·

416 1536 595 1587 ciendae,
617 1544 744 1593 atque
763 1533 1061 1593 agriculturae:
1094 1532 1210 1590 quod
1230 1532 1256 1573 fi
1279 1546 1364 1574 non
1384 1531 1504 1588 poffit
1523 1529 1610 1573 fieri
1630 1538 1679 1572 ut
1697 1544 1792 1572 om-

417 1603 560 1656 nibus,
595 1603 741 1645 saltem
779 1601 987 1652 tributim,
1028 1609 1101 1642 aut
1138 1599 1349 1652 curiatim,
1383 1607 1459 1641 aut
1495 1612 1570 1656 per
1604 1597 1817 1656 aliquant

417 1671 545 1714 aliam
576 1670 760 1713 civitatis
794 1679 956 1728 partem
991 1668 1162 1710 viciffim
1198 1667 1402 1710 dividere.
1459 1666 1606 1724 Atque
1631 1666 1795 1709 interea

417 1738 653 1796 locupletes
689 1738 743 1781 ad
777 1737 1019 1780 neceffarios
1056 1743 1292 1779 conventus
1328 1734 1565 1777 mercedem
1603 1733 1792 1777 conferre

417 1807 636 1849 debebunt
655 1807 708 1848 ab
730 1806 926 1850 inanibus
949 1803 1284 1861 sumptuosorum
1311 1816 1538 1845 munerum
1559 1800 1792 1844 funstioni-

418 1875 500 1917 bus
531 1874 654 1917 liberi
683 1889 733 1916 ac
763 1873 904 1916 soluti.
962 1872 1054 1915 Tali
1084 1882 1227 1915 autem
1246 1870 1430 1929 quodam
1451 1869 1583 1912 modo
1609 1868 1791 1914 Cartha-

419 1942 631 2000 ginienses
659 1942 966 1999 rempublicam
995 1939 1328 1992 administrantes
1348 1937 1492 1995 populi
1518 1951 1622 1996 erga.
1645 1936 1686 1982 se
1714 1937 1792 1980 be-
1840 1967 1842 1969 ·

420 2010 705 2052 nevolentiam
735 2009 1014 2066 collegerunt.
1074 2009 1250 2065 Semper
1279 2006 1393 2049 enim
1420 2021 1520 2048 cum
1548 2000 1714 2063 aliqubs
1739 2004 1795 2048 de

421 2077 546 2134 plebe
577 2077 630 2119 ad
658 2077 784 2119 urbes
815 2076 1126 2133 circumpofitas
1157 2074 1398 2125 dimittunt,
1430 2087 1503 2115 eos
1533 2071 1793 2129 collocuple-

363 2199 365 2201 Υ
419 2152 527 2187 tant.
588 2145 659 2186 Est
689 2153 830 2187 autem
866 2144 949 2186 hoe
984 2157 1154 2200 quoque
1185 2141 1452 2184 humanitate
1487 2140 1717 2197 politorum
1739 2147 1796 2183 ,et

422 2213 691 2255 venustorum
721 2221 764 2254 et
798 2211 1064 2253 cordatorum
1097 2209 1322 2261 nobilium,
1355 2208 1583 2265 egentibus
1617 2207 1728 2263 inter
1753 2207 1794 2251 se

419 2280 650 2322 distributis
679 2280 940 2336 suppeditare
963 2279 1029 2320 eis
1058 2278 1300 2336 adjumenta
1319 2278 1377 2320 rei
1398 2276 1621 2330 faciendae,
1642 2277 1794 2335 eosque

422 2349 477 2390 ad
516 2363 623 2404 opus
662 2346 904 2402 faciendum
953 2346 1165 2388 cohortari
1203 2354 1246 2388 et
1283 2345 1482 2387 excitare.
1542 2343 1792 2388 Praeclarum

423 2431 522 2458 vero
554 2416 610 2457 est
643 2415 770 2457 etiam
800 2414 1124 2456 Tarentinorum
1155 2413 1324 2456 consilia
1352 2413 1522 2456 imitari.
1584 2412 1654 2455 Illi
1679 2412 1793 2455 enim

412 2485 622 2542 jumentis
651 2494 695 2527 et
722 2485 1033 2542 poffeffionibus
1062 2499 1163 2526 cum
1190 2483 1416 2541 egentibus
1442 2483 1496 2525 ad
1525 2482 1644 2525 usum
1672 2496 1791 2525 com-

420 2553 665 2605 municatis,
704 2552 992 2594 multitudinis
1039 2551 1376 2601 benevolentiam
1397 2572 1400 2576 ¹
1422 2541 1494 2593 fibi
1533 2557 1792 2607 comparant.v

427 2623 631 2663 Praeterea
661 2621 977 2677 magistratuum
1008 2620 1200 2662 omnium
1229 2620 1317 2661 duo
1344 2634 1500 2677 genera
1518 2618 1724 2669 fecerunt,
1746 2626 1795 2661 ut

424 2689 497 2730 alii
520 2687 806 2745 suffragioseu
827 2687 1048 2739 electione,
1068 2687 1141 2729 alii
1162 2686 1376 2730 sortitione
1394 2686 1649 2728 mandentur
1666 2703 1676 2728 ε
1708 2686 1794 2728 sor-
1820 2725 1830 2731 ..

423 2756 591 2807 titione,
614 2766 660 2798 ut
680 2755 801 2812 plebs
828 2770 975 2796 eorum
1008 2755 1055 2796 fit
1082 2754 1313 2810 particeps:
1345 2752 1556 2810 suffragio,
1577 2761 1627 2795 ut
1645 2751 1799 2804 melius
1850 2788 1853 2791 .

416 2824 498 2868 nsua
533 2824 767 2882 respublica
803 2822 1124 2866 administretur.
1183 2821 1309 2866 Licet
1345 2829 1487 2864 autem
1531 2821 1615 2863 hoc
1660 2820 1801 2863 facere
1854 2854 1857 2857 Α
