1898 3308
326 165 420 212 DE
460 166 664 211 CURA
703 165 1036 210 REIFAM.
1078 167 1138 210 11.
1171 179 1214 211 2·
1386 165 1470 223 685

81 289 408 353 mumur,
426 290 603 350 quinam
625 298 670 333 et
691 303 822 347 quam
853 288 982 331 multi
1010 288 1182 342 sublati,
1204 287 1383 332 omnino
1408 286 1476 331 ni-

80 356 159 416 hilf
167 359 425 411 detrimenti
452 357 691 403 attulerint.
751 357 866 400 Quae
896 355 1030 415 igitur
1045 356 1101 398 ad
1123 355 1373 399 domesticas
1397 355 1475 400 ad-

77 425 412 485 ministrationes
441 427 674 486 pertinent,
708 424 901 483 itemque
929 432 1069 482 partes
1099 424 1251 466 harum
1282 423 1479 482 exposui-

20 519 21 522 *
82 510 223 546 mus-r,
259 495 466 540 Aaiones
505 510 605 539 vero
644 493 844 553 quasdam
883 492 1145 551 superiorum
1190 492 1477 550 quorundam,

12 575 30 624 ζ
85 563 248 624 quibus
266 564 468 624 pecunias
489 571 759 622 pepererunt,
782 571 856 605 aut
875 571 965 604 arte
984 560 1149 619 aliquid
1166 560 1357 619 gerendo
1377 575 1481 603 con-

5 663 19 693 f
82 633 297 693 fecerunt,
331 633 591 692 collegimus
624 647 747 691 quas¹
766 631 943 689 quidem
977 630 1130 688 dignas
1164 643 1476 672 commemora-

2 700 16 763 ’,ζ
86 702 208 747 tione
225 702 443 748 duximus.
503 702 605 744 Non
626 701 741 744 enim
767 700 877 743 hanc
896 700 1025 742 etiarn
1046 698 1356 742 enarrationem
1377 697 1475 740 inu·
1492 697 1597 740 350

89 771 214 815 tilem
246 770 328 814 effe
357 770 627 815 arbitramur.
700 770 815 813 Nam
851 766 1050 811 nonnihil
1086 768 1241 810 horum
1273 766 1480 825 quadrare

11 837 13 841 ’
82 839 147 883 Διά
164 853 218 882 ea
233 839 410 898 negotia
428 837 602 896 poterit,
624 852 720 895 quae
743 836 962 880 traaanda
981 835 1137 894 aliquis
1155 834 1391 892 susceperit.

151 907 360 967 Cypselus
381 906 652 963 Corinthius,
682 921 782 949 cum
814 914 962 948 votum
992 904 1151 948 fecisset
1170 904 1286 957 Jovi‚
1307 903 1352 946 Si
1372 903 1480 947 civi-

89 982 180 1020 tate
207 974 282 1019 illa
302 975 471 1034 ‚potitus
500 974 656 1028 fuisset,
679 973 1005 1018 Corinthiorum
1025 973 1066 1016 se
1089 971 1387 1016 dedicaturum
1416 971 1482 1014 fa-

92 1043 276 1090 cultates
313 1044 556 1088 universas:
596 1043 716 1102 juffit
753 1042 925 1085 censum
959 1042 1169 1085 describi:
1216 1041 1303 1084 illis
1340 1049 1485 1084 autem

93 1111 297 1171 profeffis,
318 1112 532 1157 decimam
552 1114 766 1156 bonorum
793 1120 957 1170 partem
985 1110 1154 1154 abstulit
1173 1125 1198 1154 a
1219 1110 1409 1169 finguliS,
1432 1111 1487 1154 de

95 1179 273 1239 reliquis
284 1180 406 1240 juffit
424 1195 499 1225 eos
518 1180 730 1238 negotiari
758 1188 804 1223 et
827 1194 918 1223 rem
941 1179 1094 1223 facere.
1153 1180 1371 1237 Annoque
1392 1194 1487 1223 ver-

95 1257 216 1292 tente
246 1248 350 1293 fecit
377 1249 526 1294 idem„
572 1248 730 1292 Evenit
755 1248 902 1305 itaque
930 1256 979 1290 ut
1004 1247 1136 1298 annis·
1154 1247 1306 1290 decem
1331 1256 1376 1290 et
1401 1247 1489 1305 ipse

97 1317 281 1371 haberet¹
305 1319 452 1363 omnia
485 1320 599 1363 bona
627 1317 969 1369 Corinthiorum,
991 1331 1128 1375 eaque
1147 1317 1423 1371 consecraret,
1445 1325 1491 1361 et

6 1405 15 1412 ·
84 1387 320 1444 Corinthii
338 1388 500 1435 interea
517 1395 758 1446 quaererent
778 1394 1056 1444 pararentque
1075 1386 1175 1430 alia.

135 1455 394 1516 ·Lygdamis
413 1457 598 1509 Naxius,
617 1455 871 1514 quibusdam
893 1455 936 1497 in
956 1455 1131 1498 exilium
1152 1455 1273 1509 aenis,
1292 1470 1392 1499 cum
1421 1455 1488 1500 fa-

97 1524 280 1571 eultates
298 1525 472 1569 illorum
493 1540 622 1568 nemo
642 1524 786 1577 vellet,
808 1524 880 1566 nifi
901 1523 1134 1567 admodum
1162 1540 1307 1583 parvo,
1328 1540 1489 1581 emere,

99 1592 296 1653 vendidit
318 1608 371 1637 ea
399 1593 495 1652 ipfis
527 1592 740 1636 exulibus.
798 1592 862 1634 Ea
893 1592 1039 1645 etiarn,
1061 1608 1161 1650 quae
1190 1602 1241 1637 ut
1268 1593 1381 1636 dona
1407 1595 1491 1638 diis

99 1659 446 1705 consecrarentur
463 1660 509 1704 in
529 1659 711 1703 officinis
730 1674 816 1702 non
838 1659 1004 1718 prorsus
1032 1660 1250 1704 elaborata
1268 1661 1489 1719 jacebant,

99 1728 314 1773 vendebat
333 1737 423 1773 tam
442 1728 641 1772 exulibus
660 1743 789 1786 quarn
816 1728 925 1782 aliis,
946 1728 1199 1786 permittens
1221 1738 1269 1773 ut
1286 1731 1491 1789 emptoris

100 1811 260 1843 nomen
278 1798 322 1840 in
342 1811 607 1855 unoquoque
626 1796 966 1854 perscriberetur.

157 1865 401 1926 Byfl'antii
391 1881 435 1909 m
466 1865 660 1924 pecuniae
691 1865 867 1923 penuria
897 1865 1093 1923 publicos
1113 1866 1231 1910 locos
1250 1876 1294 1911 et
1311 1867 1410 1913 loca
1426 1869 1492 1914 sa-

102 1949 175 1979 cra
209 1934 506 1979 vendiderunt.
566 1935 796 1979 Fruauosa
814 1934 992 1992 quidem
1023 1935 1075 1978 ad
1107 1945 1273 1980 certum
1304 1946 1491 1997 tempus,

99 2003 176 2054 sed
191 2003 459 2050 infruEtuosa
475 2002 529 2046 ad
550 2003 851 2061 proprietatem
881 2014 1143 2061 perpetuam.
1205 2007 1404 2066 Itemque
1427 2024 1492 2061 ea,
1510 2012 1604 2055 351

100 2087 201 2138 quae
233 2072 477 2117 sodalitates
512 2072 790 2130 poffidebant,
825 2081 871 2116 et
906 2088 1004 2131 quae
1040 2074 1094 2116 ad
1133 2074 1245 2118 sacra
1278 2077 1496 2134 gentilitia

101 2141 393 2201 pertinebant,
424 2156 524 2184 cum
555 2141 654 2194 alia,
687 2150 781 2184 tum
813 2141 856 2183 in
886 2142 999 2200 agris
1029 2142 1203 2200 privatis
1230 2144 1318 2188 fita.
1378 2147 1497 2190 Nam

102 2211 200 2257 haec
233 2225 394 2269 magno
429 2211 634 2253 emebant
669 2210 715 2263 ii,
752 2225 938 2268 quorum
974 2211 1139 2269 reliqua
1171 2222 1263 2256 erat
1293 2215 1496 2272 poffeffio.

105 2279 327 2326 sodalitiis
347 2286 492 2322 autem
515 2278 738 2322 tradebant
755 2279 930 2338 publica
949 2279 1045 2333 alia,
1066 2296 1165 2339 quae
1190 2291 1312 2326 erant
1332 2284 1497 2329 circum

91 2348 390 2409 gymnasium,
410 2356 485 2391 aut
502 2347 660 2400 forum,
680 2356 755 2391 aut
773 2357 963 2406 portum,
986 2364 1152 2407 necnon
1183 2350 1359 2396 forensia
1384 2353 1496 2407 loca,

107 2417 184 2462 ubi
213 2416 379 2475 aliquid
411 2416 691 2460 vendebatur.
750 2418 955 2460 Praeterea
983 2417 1132 2460 salinas
1162 2420 1307 2473 maris,
1332 2429 1375 2464 et
1404 2422 1498 2467 salis

106 2494 408 2536 mercaturam.
471 2485 581 2528 Item
617 2485 693 2528 ubi
727 2486 910 2543 quaestus
945 2485 1158 2530 faciebant
1192 2489 1498 2548 praestigiarum

100 2555 308 2619 lanifices,
328 2562 460 2607 vates,
480 2563 526 2596 et
556 2553 632 2611 qui
661 2554 974 2598 medicamenta
1005 2555 1262 2611 vendebant,
1293 2566 1339 2600 et
1370 2559 1499 2619 hujus

97 2623 279 2685 ‹generis
299 2621 399 2665 alii:
431 2621 826 2680 constitueruntque
855 2631 906 2665 ut
936 2623 1105 2676 tertiam
1135 2633 1297 2682 partem
1318 2630 1498 2684 quaestus

98 2688 360 2759 penderent.
417 2690 514 2734 Jam
545 2690 835 2748 permutandae
863 2691 1054 2748 pecuniae
1079 2693 1284 2747 mensam,
1305 2703 1498 2746 tantum-

99 2761 243 2817 ¹-mndo
270 2775 401 2806 unam
435 2759 672 2807 elocarunt.
730 2761 887 2818 Neque
918 2760 1078 2804 licebat
1106 2761 1194 2813 alio
1227 2774 1407 2810 nummo
1434 2765 1501 2808 vel

97 2813 165 2900 {de
200 2829 335 2888 altero
368 2842 526 2893 emere,
562 2828 632 2875 vel
661 2828 782 2887 alteri
802 2828 1010 2888 uendere
1026 2829 1291 2892 quicquam:
1321 2835 1440 2892 quod
1471 2835 1499 2893 fi

1644 910 1701 950 11.
