1898 3308
421 165 506 221 498
809 165 1361 239 ΑΒῐεΤοΤΕι-ιε

421 285 505 328 hoc
523 285 637 329 enim
659 301 743 330 non
765 286 888 332 facile
917 289 970 332 iis
997 290 1051 333 est
1074 290 1233 344 facere,
1254 291 1328 350 qui
1361 305 1446 334 non
1475 290 1574 334 sunt
1603 286 1798 347 loeuplea

421 362 518 396 tes:
545 355 749 412 'quocirca
775 357 920 415 priscis
943 357 1028 401 illis
1059 360 1343 417 temporibus,
1369 360 1525 418 quibus
1554 359 1798 404 civitatibus

422 423 615 478 potentia
634 423 678 465 in
698 425 819 482 equis
840 426 1098 478 consistebat,
1123 426 1235 484 apud
1264 427 1342 470 has
1370 424 1795 485 erant..oligard1iae:

423 489 652 533 utebantur
669 501 811 534 autem
833 492 952 550 equis
972 492 1016 535 in
1037 493 1189 545 hostes,
1209 508 1318 551 quos
1334 493 1551 538 habebant
1566 493 1768 538 finitimos
1780 506 1796 532 r

423 557 540 599 verbi
568 558 720 615 gratia,
754 560 1010 603 Eretrienses
1045 570 1089 602 et
1123 560 1438 614 Chalcidenses,
1471 571 1517 605 et
1550 561 1797 622 Magnetes,

423 625 498 681 qui
530 626 800 670 Maeandrum
835 629 1082 671 accolebant
1100 646 1114 671 ε.
1147 637 1198 671 et·
1223 629 1352 672 multi
1383 629 1456 679 alii
1490 629 1600 685 Afioe
1633 623 1796 689 populi.

422 694 539 736 Tum
570 705 719 752 praeter
747 712 817 740 eas
849 712 944 755 quae
978 697 1022 739 in
1056 697 1217 740 divitiis
1248 698 1488 750 confilium,
1523 694 1797 749 diffmtias,

426 761 509 804 alia
536 765 592 805 est
620 778 674 806 ex
701 779 876 822 genere,
894 764 979 806 alia
995 780 1047 806 ex
1066 764 1239 817 virtute,
1258 774 1303 808 et
1322 765 1347 808 fi
1369 780 1453 824 qua
1480 762 1580 808 talis
1593 762 1799 822 alibtpars

314 836 334 875 1
347 824 610 877 360ivitatis
629 832 708 873 effe
728 832 841 875 dicta
859 833 914 875 est
934 832 977 874 in
995 832 1049 878 iis
1068 832 1423 891 disputationibus
1449 849 1549 892 quae
1573 831 1634 877 εδ
1652 832 1799 877 aristo-

426 898 598 940 cratiam
622 899 851 955 pertinent.
910 898 1008 942 Illic
1036 900 1152 943 enim
1182 901 1452 957 exposuimus
1471 895 1633 959 partitae¹
1653 896 1707 945 ue
1729 900 1796 944 di-

423 966 585 1018 stincte,
607 977 711 1023 quot
741 982 792 1010 ex
823 967 1012 1024 partibus
1040 967 1273 1011 neceffariis
1295 969 1455 1012 constet
1466 968 1614 1023 -omnip
1629 967 1796 1012 civitas.

423 1034 590 1076 Harum
625 1034 739 1077 enim
773 1035 955 1093 partium
992 1035 1207 1078 interdum
1239 1050 1388 1079 omnes
1421 1036 1519 1080 sunt
1549 1035 1797 1094 reipublicae

422 1101 794 1145 administrationis
823 1102 1063 1161 participes,
1084 1103 1298 1147 interdum
1327 1104 1563 1160 pauciores,
1582 1103 1797 1148 intenlum

423 1168 580 1226 plures.
640 1170 909 1227 Perspicuum,
937 1171 1070 1229 igitur
1098 1172 1170 1224 est,
1190 1171 1577 1230 necefl'ario-plures
1605 1171 1691 1214 effe«
1713 1170 1796 1214 rei-

420 1237 606 1295 publica}
624 1238 969 1281 administrandae
981 1238 1154 1291 formas,
1173 1253 1329 1298 genere
1348 1238 1519 1283 inter-se
1538 1239 1798 1284 differam·

421 1305 599 1347 Etenim
615 1306 682 1348 hae
702 1315 840 1364 partes
860 1321 1016 1363 genere
1044 1306 1245 1350 differunt
1266 1307 1376 1350 inter
1396 1308 1452 1351 se.
1513 1306 1796 1352 Nam‘eivita-
1827 1310 1833 1316 “

422 1373 477 1416 tis
495 1374 813 1427 administratio,
834 1389 963 1431 quam
994 1375 1185 1432 politiam
1218 1375 1360 1418 Graeci
1389 1366 1556 1429 dicunt,
1578 1376 1796 1435 magistra-

423 1451 549 1485 tuum
570 1443 800 1499 'descriptio
826 1452 956 1500 atque
972 1444 1195 1486 ,ordinatio
1213 1445 1286 1488 est.
1345 1444 1797 1488 Hanc-autemdiflri-

420 1511 563 1554 buunt
586 1526 735 1553 omnes
754 1521 829 1554 aut
848 1516 902 1553 ex
921 1511 960 1553 vi
979 1520 1024 1554 et
1044 1512 1232 1569 potentia
1263 1526 1410 1556 eorum
1434 1512 1513 1570 qui
1543 1513 1655 1561 sunt!
1668 1512 1804 1570 hujus

420 1580 700 1622 ordinationis
733 1579 971 1637 participes,
1007 1588 1082 1622 aut
1113 1595 1166 1623 ex
1197 1580 1520 1638 aliqua-eorum
1555 1580 1801 1638 aequalitate

422 1649 670 1693 communi:
713 1648 812 1691 dico
847 1657 1011 1700 autem,
1049 1648 1166 1691 verbi
1202 1649 1355 1706 gratia,
1393 1648 1678 1706 aequalitatem
1723 1658 1797 1692 aut

421 1718 661 1774 egentium,
702 1727 776 1762 aut
813 1717 1115 1775 locupletium,
1154 1726 1230 1761 aut
1266 1717 1482 1775 quandam
1518 1727 1798 1777 utrorumque

421 1800 714 1829 communem.
774 1785 950 1829 Neceffe
969 1786 1102 1843 igitur
1121 1786 1178 1829 est
1197 1794 1263 1829 tot
1281 1786 1362 1830 effe
1381 1785 1630 1844 reipublicae
1659 1786 1796 1836 admi-

422 1853 642 1896 nistrandae
663 1854 837 1908 formas,
858 1862 965 1912 quot
984 1853 1079 1897 sunt
1101 1853 1271 1897 ordines
1300 1854 1371 1897 seu
1399 1853 1703 1908 ordinationes,
1719 1868 1798 1912 pro

419 1922 720 1979 exsuperantiis
751 1930 796 1966 et
827 1921 1104 1974 excellentiis,
1137 1930 1194 1970 et
1212 1936 1289 1980 pro
1320 1920 1798 1984 differentiispartium.

422 1989 637 2032 Videntur
675 1999 820 2033 autem
854 1983 952 2033 duae
986 1989 1067 2032 effe
1100 1989 1311 2032 maxime:
1352 1997 1397 2032 et
1433 1987 1796 2050 quemadmodum

421 2066 645 2100 ventorum
677 2057 747 2100 alii
782 2057 982 2100 dicuntur
1014 2056 1094 2100 effe
1128 2056 1427 2114 Aquilonares,
1461 2056 1534 2099 alii
1567 2056 1796 2109 Australes,

420 2125 494 2168 alii
525 2123 622 2168 vero
653 2125 804 2168 horum
838 2126 1144 2183 degreffioues:
1177 2125 1307 2168 fic-et
1338 2123 1583 2183 reipublicae
1613 2124 1796 2170 admini-

423 2195 595 2237 strandae
614 2194 843 2236 formarum
865 2194 977 2246 duae,
999 2193 1144 2252 populi
1173 2185 1349 2251 potestas
1367 2193 1440 2237 seu
1452 2193 1734 2246 democratia,
1752 2201 1800 2236 et

377 2284 379 2286 ·
421 2276 652 2320 paucorum
679 2261 923 2318 imperium,
942 2276 1071 2318 quam
1092 2259 1535 2318 oligarchiamGraeci
1556 2259 1796 2303 nominant.

422 2329 740 2372 Aristocratiam
769 2329 883 2371 enim
916 2328 1161 2387 oligarehiae
1182 2329 1580 2386 specie-inponunt,
1607 2328 1724 2387 quafi
1746 2328 1798 2371 fit

422 2396 654 2454 oligarchia
687 2397 915 2454 quaedam:
947 2407 992 2439 et
1019 2411 1128 2447 eam,
1160 2412 1258 2454 quae
1287 2396 1439 2453 politia-
1466 2395 1642 2439 nomine
1673 2401 1797 2439 com-

423 2465 543 2520 muni
573 2463 744 2516 dicitur,
775 2459 1078 2506 democratiae:
1110 2463 1466 2520 quemadmodum
1492 2463 1534 2507 in
1557 2464 1694 2507 ventis
1714 2465 1795 2507 Fa-

424 2529 596 2572 voni-um
620 2529 795 2587 quidem
814 2529 1061 2587 Aquilonis,
1079 2529 1341 2572 Vulturnum
1368 2538 1512 2572 autem
1529 2528 1671 2575 Austri
1689 2544 1795 2586 ,par-

422 2605 509 2639 tem
544 2597 624 2640 effe
659 2597 822 2640 volunt.
883 2596 1121 2653 Similisque
1154 2596 1483 2639 concentionum
1517 2596 1796 2643 etintentio-

421 2681 526 2708 num
555 2666 597 2707 in
630 2666 829 2708 cantibus
863 2680 912 2707 ac
942 2665 1114 2716 fidibus,
1149 2680 1244 2722 quae
1277 2664 1508 2707 harmoniae
1532 2663 1746 2708 dicuntur
1772 2681 1799 2708 a

422 2734 600 2786 Graeeis,
628 2733 738 2775 ratio
766 2733 838 2784 est,
854 2741 911 2775 >ut
935 2732 1264 2789 aiuntquidam.
1322 2733 1437 2774 Nam
1457 2731 1584 2775 etiam
1604 2731 1691 2776 illic
1710 2733 1802 2777 duo

419 2816 562 2845 earum
583 2815 740 2859 genera
756 2799 935 2856 faciunt,
953 2799 1161 2845 Doricum
1182 2808 1227 2843 et
1247 2799 1480 2858 Phrygium
1497 2816 1508 2842 ι
1525 2808 1733 2854 ,οεεθῐεεῃ
1748 2808 1799 2844 ut
