1898 3308
147 179 150 186 “
228 159 289 202 ⁵
368 195 464 244 Dr:
506 195 939 243 REPUBLICA
984 194 1090 238 v11.
1126 205 1195 251 15.
1379 191 1464 250 639

181 308 187 319 p
247 311 250 316 .

28 339 47 356 ,Η
237 326 267 350 (τ
310 327 311 330 ¹
376 340 378 350 r
424 338 430 348 Α
440 329 444 338 ¹

34 408 39 410 -
51 390 243 450 pars„
343 399 348 409 ¹

5 486 10 493 ι
34 462 247 568 w,
264 502 434 557 virtutes
453 505 512 548 ad
528 503 648 547 otium
662 502 898 562 pertinentes
917 498 1017 559 efffe'
1003 515 1046 542 m
1058 496 1200 557 przmis
1213 496 1466 556 necffzrias:

43 586 51 589 ”
83 571 294 630 D‘umde
311 574 360 617 de
378 573 534 617 ratione
561 573 666 616 cives
694 570 937 629 irfiituendi,
956 570 998 611 d
985 569 1148 627 sputat,
1168 575 1205 609 et
1229 567 1328 625 quid
1356 567 1400 608 in
1427 583 1468 609 eo

24 609 89 643 ‘b'
83 637 187 701 stt
196 642 374 702 primum
395 643 554 702 querit.

28 783 30 786 y
83 733 441 778 QUONIAM
471 742 616 777 autem
649 732 763 776 idem
799 731 892 774 finis
921 729 1156 788 propositus
1185 727 1355 772 videtur
1387 727 1468 770 effe
1484 733 1589 788 294

18 808 36 834 '1
75 799 327 847 hominibus
343 811 390 854 et
406 802 601 861 privatim
623 812 668 845 et
688 801 877 859 publice,
901 799 1174 856 eundemque
1193 797 1285 840 viro
1303 797 1472 855 optimo

11 892 38 930 1²
76 877 212 929 atque
224 871 400 930 optimae
429 871 678 930 reipublicae
698 868 1038 914 administrandae
1058 867 1212 910 rationi
1237 866 1471 909 terminum

79 938 357 985 constitutum
386 939 468 984 effe
496 939 659 983 neceffe
686 940 773 982 estz
805 937 1071 996 perspicuum
1104 937 1178 989 est,
1209 935 1390 978 virtutes
1417 933 1474 977 ad

77 1005 219 1055 otium
239 1008 502 1066 pertinentes
531 1008 750 1066 suppetere
778 1015 991 1065 oportere.
1052 1004 1168 1047 Finis
1193 1004 1309 1046 enim
1329 1004 1402 1057 est,
1424 1011 1476 1046 ut

78 1073 376 1134 sapedi&um
394 1077 467 1129 est,
487 1091 583 1135 pax,
606 1074 740 1128 belli;
771 1075 928 1126 otium,
955 1073 1119 1132 negotii
1139 1090 1150 1116 ι
1181 1073 1308 1115 utiles
1327 1081 1475 1115 autem

4 1148 13 1192 Γ
31 1135 33 1138 ⁴
79 1142 179 1188 sunt
197 1144 252 1188 ad
269 1145 407 1190 otium
428 1154 473 1190 et
492 1146 624 1189 vitam
657 1146 700 1188 in
729 1145 819 1188 otio
845 1144 1106 1202 degendam,
1127 1142 1306 1185 virtutes
1327 1150 1372 1185 et
1393 1157 1474 1195 eae,

56 1204 265 1271 ⁸quarum
292 1228 402 1272 opus
424 1215 664 1273 munusque
695 1214 738 1256 in
772 1213 862 1256 otio
881 1205 1086 1265 'vertituss
1116 1221 1160 1254 et
1189 1225 1268 1263 eae,
1299 1226 1397 1268 quae
1430 1211 1476 1253 in

81 1281 260 1340 negotio
280 1297 457 1326 munere
475 1283 550 1327 suo
572 1282 828 1342 funguntur.
887 1280 1047 1324 Multae
1066 1280 1181 1322 enim
1202 1294 1267 1322 res
1290 1279 1476 1322 necessa-

7 1342 21 1399 ’ἲ
81 1347 156 1392 rioe
193 1348 418 1409 suppetant
455 1359 640 1409 oportet,
680 1358 730 1393 ut
765 1349 863 1407 quis
898 1348 1025 1391 otiari
1063 1347 1199 1405 poffit.
1260 1347 1478 1391 Quocirca

82 1417 303 1465 civitatem
330 1420 531 1464 convenit
551 1420 631 1464 effe
649 1426 976 1476 temperantem,
1009 1426 1054 1460 et
1084 1416 1258 1471 fortem,
1278 1425 1323 1460 et
1352 1416 1476 1460 labo-

6 1478 23 1502 ·“”
82 1499 181 1530 rum
207 1487 461 1532 tolerantem
484 1503 534 1532 ac
555 1487 853 1546 perferentem.
915 1488 1033 1529 Nam
1061 1494 1113 1528 ut
1142 1486 1201 1528 est
1230 1485 1273 1527 in
1305 1499 1478 1543 prover-

85 1554 177 1609 bio,
210 1557 315 1601 Non
351 1557 410 1600 est
447 1557 588 1600 otium
625 1556 765 1599 servis.
824 1557 886 1598 At
923 1554 999 1612 qui
1036 1553 1200 1596 fortiter
1238 1553 1479 1612 periculum

85 1623 202 1667 adire
221 1638 307 1667 non
327 1625 512 1683 poffunt,
533 1640 681 1668 eorum
702 1623 778 1682 qui
796 1623 1020 1675 invadunt,
1040 1622 1145 1665 servi
1166 1622 1277 1665 sunt.
1339 1623 1372 1664 F
1372 1621 1479 1664 orti-

86 1691 239 1736 tudine
270 1692 422 1752 igitur,
449 1703 494 1743 et
526 1693 720 1736 laborum
751 1692 975 1735 tolerantia
993 1706 1101 1749 opus
1130 1691 1189 1734 est
1218 1690 1262 1733 in
1291 1705 1480 1748 occupa-

89 1760 211 1804 tione
241 1772 288 1806 et
318 1762 526 1821 negotio:
559 1761 826 1820 philosophia
854 1770 1001 1804 autem
1032 1760 1077 1802 in
1108 1761 1200 1803 otio
1229 1769 1275 1803 et
1303 1759 1480 1818 quiete:

44 1844 49 1845 ⁷
87 1830 372 1888 temperantia
401 1845 500 1874 vero
528 1840 574 1874 et
592 1830 754 1888 justitia
774 1830 817 1872 in
840 1838 1023 1887 utroque
1043 1839 1264 1887 tempore:
1297 1829 1367 1871 sed
1389 1843 1481 1872 ma-

87 1898 159 1956 gis
176 1907 319 1943 tamen
340 1899 384 1942 in
404 1914 509 1958 pace
526 1909 571 1944 et
589 1899 695 1942 otio·
754 1900 870 1942 Nam
892 1898 1055 1941 bellurn
1075 1897 1250 1955 quidem
1273 1897 1408 1956 justos
1437 1906 1483 1941 et

89 1974 377 2026 temperantes
395 1968 476 2011 effe
495 1968 642 2027 cogit.
673 1983 815 2012 rerum
841 1982 942 2010 vero
970 1967 1248 2010 secundarum
1271 1967 1481 2024 tranquil-

87 2033 188 2079 litas
214 2051 266 2080 ac
285 2036 554 2094 jucunditas,
575 2037 800 2095 otiumque
830 2051 930 2079 cum
963 2050 1065 2093 pace
1086 2034 1381 2093 conjun&um,
1403 2051 1480 2094 pe-

4 2104 37 2138 3>
87 2103 276 2149 tulanoes
310 2115 356 2150 et
393 2107 725 2151 contumeliosos
763 2105 905 2148 reddit
943 2104 1104 2162 potius.
1164 2104 1310 2147 Multa
1347 2105 1484 2163 igitur

26 2171 260 2232 Justitia,
276 2174 499 2232 multaque
519 2174 801 2233 temperantia
821 2174 873 2216 iis
891 2187 999 2231 opus
1015 2173 1088 2226 est,
1109 2172 1186 2230 qui
1208 2172 1371 2230 optime
1391 2186 1483 2216 rem

30 2298 36 2303 ⁵
90 2254 240 2300 gerere
270 2243 484 2296 videntur,
512 2244 676 2302 quique
708 2244 835 2286 rebus
868 2242 1088 2294 omnibus,
1123 2257 1222 2298 quae
1253 2241 1485 2285 fortunatae

40 2349 41 2352 ,
88 2309 318 2365 habentur,
340 2311 644 2370 perfruuntur:
677 2319 726 2354 ut
755 2311 858 2368 fiqui
889 2311 1000 2363 sunt,
1022 2309 1386 2368 quemadmodum
1418 2310 1483 2353 fa-

4 2382 37 2444 ᾇ
91 2377 296 2427 bulautur
330 2388 485 2438 poetae,
524 2380 568 2423 in
606 2379 753 2422 insulis
792 2379 1051 2422 Fortunatis.
1111 2378 1171 2421 Hi
1209 2378 1324 2420 enim
1363 2388 1485 2431 tanto
1499 2385 1602 2444 295

3 2429 42 2523 ἕ
89 2447 231 2513 magis
253 2448 564 2507 philosophiam
599 2459 645 2492 et
674 2449 1015 2506 temperantiam,
1037 2456 1081 2491 et
1101 2447 1307 2506 justitiam
1339 2450 1486 2507 requi-

4 2519 46 2576 ᾎἪ-
91 2525 215 2570 rent,
238 2526 402 2576 quanto
438 2517 577 2576 magis
612 2518 657 2560 in
692 2517 845 2560 talium
878 2532 1019 2560 rerum
1054 2516 1176 2575 copia
1210 2525 1255 2560 et
1287 2517 1488 2561 libertate

0 2567 38 2640 ἀἱ
90 2585 226 2630 ofiose
244 2587 409 2631 vivunt.
469 2587 766 2630 Quamobrem
787 2586 922 2644 igitur
940 2601 1033 2629 eam
1055 2601 1151 2644 quae
1168 2587 1293 2630 beata
1312 2595 1357 2629 et
1378 2587 1492 2630 bona

11 2644 30 2710 ij
93 2651 242 2699 futura
258 2655 333 2710 est,
349 2655 584 2709 civitatem,
605 2656 673 2698 his
694 2656 925 2698 virtutibus
944 2664 1137 2713 oporteat
1153 2656 1233 2698 effe
1251 2655 1491 2714 praeditam,

0 2714 32 2787 {j
97 2721 146 2766 in
163 2732 364 2782 promptu
383 2725 458 2768 est.
516 2725 633 2768 Nam
667 2739 767 2767 cum
799 2732 922 2782 turpe
942 2724 990 2767 fit
1008 2739 1096 2767 non
1117 2724 1228 2782 pofl'e
1253 2723 1381 2767 bonis
1409 2725 1491 2777 uti,

0 2783 39 2821 Ὺ»
98 2795 195 2833 tum
214 2790 358 2834 multo
376 2790 542 2850 turpius
561 2792 618 2834 est
630 2791 682 2842 ,in
703 2790 944 2847 otiosa'vita
963 2805 1049 2834 non
1069 2791 1181 2849 poffe
1202 2790 1267 2834 uti
1285 2807 1295 2833 :
1327 2790 1398 2833 sed
1417 2805 1490 2834 oc-

21 2851 26 2859 ’
101 2866 280 2916 cupaton
307 2859 484 2919 quidem
514 2870 559 2903 et
586 2859 756 2904 bellum
777 2868 992 2918 gerentes,
1013 2860 1053 2903 se
1072 2860 1261 2918 praebere
1281 2859 1391 2904 viros
1411 2859 1491 2903 bo-

621 387 777 433 CAP.
818 384 922 431 XV.
1592 388 1684 428 XV.
