1898 3308
421 165 516 208 DE
558 159 988 207 REPBULICA
1027 162 1087 207 V.
1125 175 1191 207 11.
1417 166 1498 216 57'7

106 276 347 341 mre,
356 274 599 345 &rumque
622 286 910 330 testimonium
932 295 979 329 et
997 285 1147 328 oculos
1166 284 1334 343 fugere.
1383 285 1501 327 Nam

109 345 281 419 uqfib'
264 362 311 397 ιο
326 353 411 413 q'ui
426 353 560 397 &ecus
589 366 638 397 ac
669 354 834 397 sobrius
863 353 937 406 est,
958 352 1271 410 impreffionem
1304 351 1502 394 facienti-

70 466 72 468 .
107 422 349 486 δῆμοι,
360 428 446 466 aut
454 411 616 481 dignus
634 423 708 477 est,
729 422 804 480 qui
825 431 1155 465 contemnatur:
1190 435 1329 478 neque
1364 421 1400 462 is
1428 420 1508 478 qui

107 481 262 550 &ht
293 499 433 556 atque
458 493 659 544 excubat,
693 490 765 534 sed
799 490 836 533 is
872 489 949 549 qui
988 489 1165 532 dormit.
1227 489 1503 531 Contrarium

108 557 304 617 ΜΨ
313 550 557 602 fficiendum
579 561 653 612 est,
674 569 803 617 atque
824 574 872 602 ea
892 574 990 617 quae
1008 557 1129 616 supra
1148 556 1264 599 dieta
1281 556 1394 608 sunt,
1417 556 1505 599 fere

110 627 272 673 omniu.
332 630 498 672 Urbem
529 618 647 671 enim
680 628 943 672 exaedificare
976 637 1106 684 atque
1141 640 1344 668 exornare
1374 626 1507 668 debet

110 700 323 754 tunquam
339 697 388 740 fit
408 705 672 757 procurator,
693 711 779 739 non
803 706 1024 760 tyrannus.
1086 696 1290 737 Praeterea
1309 693 1425 750 quod
1453 691 1512 735 ad

111 763 292 810 deorum
314 767 483 811 cultum
505 767 674 818 attinet,
697 765 826 824 hujus
843 765 907 808 rei
927 764 1089 823 semper
1108 763 1283 830 egregie
1305 761 1516 804 studiosus*

114 822 263 878 v‘ideri
283 834 458 895 debeb
489 836 606 878 Nam
639 835 786 878 minus
818 834 975 877 timent
1009 848 1064 876 ne
1094 833 1198 891 quid
1229 831 1303 874 fibi
1335 831 1508 873 incom-

114 891 237 946 modi
242 910 414 976 preter
427 904 565 965 Ieges
571 919 597 947 a
615 904 774 947 talibus
803 902 904 946 viris
933 903 1202 961 importetur,
1225 901 1251 943 fi
1273 900 1511 958 principem

115 961 368 1033 relig-infimi
385 972 482 1027 e'ffi‚
502 984 546 1015 et
566 967 685 1015 metu
714 972 897 1016 deorum
927 971 1154 1023 contineri,
1175 980 1217 1013 et
1239 970 1343 1012 deos
1363 983 1511 1012 curare

115 1040 380 1085 existiment:
412 1051 458 1084 et
475 1042 620 1085 minus
636 1041 703 1084 ad
726 1040 903 1097 infidias
923 1050 1108 1100 tyranno
1134 1038 1440 1096 comparandas
1471 1039 1514 1081 se

119 1108 364 1174 conferunt,
395 1118 597 1168 tanquam
633 1109 737 1153 deos
766 1109 948 1153 habenti
975 1108 1077 1152 belli
1107 1108 1306 1150 societate
1327 1107 1513 1165 conjun-

119 1180 230 1222 ἃΌΒ.
259 1179 469 1238 Oportet
487 1189 631 1222 tamen
652 1180 737 1222 fine
758 1178 934 1222 stultitia
951 1188 998 1221 et
1018 1178 1183 1235 stupore
1203 1176 1362 1219 mentis
1384 1175 1512 1218 taiem

123 1247 290 1291 videffl
330 1247 537 1304 Praeterea
565 1263 640 1291 eos
656 1248 751 1306 qui
773 1247 918 1315 aliqua
947 1247 1103 1290 virtute
1122 1246 1332 1303 praestant,
1355 1229 1516 1287 talibus

121 1314 379 1359 honoribus
388 1300 569 1370 afficere,
592 1325 640 1359 ut
667 1330 757 1358 non
783 1324 935 1372 putent
955 1315 995 1358 se
1019 1329 1212 1372 unquam
1235 1329 1260 1356 a
1281 1314 1465 1367 civibus,
1488 1313 1515 1355 fi

121 1384 211 1428 suis
228 1383 418 1444 legibus
425 1393 615 1441 utantur,
636 1383 818 1442 majores
849 1384 1183 1427 consecuturos:
1216 1391 1260 1425 et
1290 1382 1398 1424 tales
1417 1381 1516 1440 qui-

122 1453 222 1496 dem
243 1453 429 1496 Honores
444 1452 585 1510 ipsum
603 1453 820 1496 tribuere:
853 1452 1057 1510 supplicia
1086 1467 1185 1495 vero
1204 1466 1281 1509 per
1298 1451 1405 1493 alios
1425 1465 1518 1493 ma-

121 1521 323 1581 gistratus'
341 1529 386 1566 et
405 1536 485 1582 per
491 1521 662 1581 judices
681 1522 951 1565 constituere.
1011 1521 1164 1565 Omnis
1193 1530 1318 1598 porro
1347 1535 1520 1562 monar-

124 1583 239 1635 ‹ehiae‘
251 1591 446 1636 ‹custodi-a
463 1601 508 1634 et
526 1592 673 1634 cautio
692 1590 936 1634 communis
959 1590 1030 1643 est,
1051 1600 1104 1633 ut
1133 1589 1351 1632 neminem
1384 1604 1523 1631 unum

125 1646 337 1719 mussnnm
365 1659 521 1704 faciat.
554 1659 641 1714 sed,
670 1660 695 1702 fi
725 1659 810 1702 hoc
839 1659 1008 1712 demus,
1038 1658 1209 1716 plures:
1243 1658 1524 1700 observabunt

128 1730 263 1775 enini¹
282 1735 329 1774 et‘
366 1730 703 1789 specuiabuntur
739 1729 850 1772 inter
888 1728 944 1772 se.
1005 1728 1139 1774 Quod
1174 1729 1201 1772 fi
1242 1743 1371 1787 quem
1412 1727 1525 1770 forte

127 1806 339 1862 magnum
369 1797 509 1843 θέσει-ο
543 1807 752 1857 oporteat,
786 1807 831 1841 at
860 1811 915 1841 ne
947 1813 1048 1841 eum
1079 1798 1154 1856 qui
1189 1799 1236 1840 fit
1268 1797 1446 1856 ingenio
1479 1805 1526 1840 et

128 1866 324 1925 moribue
354 1867 495 1912 audax
525 1877 570 1911 et
600 1867 834 1911 confidens.
895 1868 947 1910 In
977 1868 1178 1910 omnibus
1203 1866 1320 1909 enim
1339 1864 1524 1910 actioni-

129 1938 217 1982 bus
230 1936 367 1981 talia*
355 1937 530 2016 lngenia
547 1935 603 1980 ad
622 1936 933 1995 impreffionem
963 1936 1201 1980 faciendam
1233 1934 1421 1978 maxime
1451 1950 1525 1977 va-

127 2005 257 2052 lent.
297 1991 367 2050 'Et
377 2006 407 2049 fi
423 2005 522 2064 quis
540 2005 734 2071 potentia
753 2004 998 2063 spoliandus
1029 2003 1110 2047 efl’e
1143 2004 1350 2057 videatur,
1373 2013 1422 2046 ut
1441 2003 1528 2047 hoc

125 2062 274 2133 sentim
293 2077 338 2119 et
355 2074 563 2134 paulatim
595 2068 741 2130 faciat,
764 2089 849 2117 non
881 2083 1018 2117 totam
1047 2074 1088 2117 ei
1119 2072 1418 2116 au&oritaten1
1439 2088 1529 2116 uno

127 2152 322 2203 tempore
353 2143 530 2188 adnuat.
590 2143 919 2186 Praeterea-cum
940 2143 1059 2185 omni
1090 2141 1352 2185 contumelia
1381 2151 1530 2200 tyran-

129 2203 390 2257 nus‘debaet
419 2211 494 2256 fibi
523 2221 774 2270 temperare,
795 2220 891 2254 tum
922 2220 1074 2268 praeter
1103 2217 1253 2252 omnes
1283 2210 1464 2263 duabus,
1486 2218 1533 2253 et

131 2297 189 2325 ne
220 2295 353 2341 quem
387 2279 530 2340 plagis
557 2279 734 2339 corpori
769 2279 1017 2338 infligendis
1054 2278 1263 2336 supplicio
1297 2278 1452 2322 afficiat
1486 2289 1532 2322 et

131 2348 363 2404 excruciet,
393 2358 438 2392 et
468 2364 522 2392 ne
551 2348 622 2392 cui
653 2357 779 2391 aetate
807 2348 981 2391 florenti
1011 2347 1321 2390 contumeliose
1343 2349 1531 2406 stuprum

132 2419 302 2464 inferat.
361 2418 557 2462 Maxime
586 2427 731 2461 autem
753 2417 994 2460 adhibenda
1019 2417 1115 2460 haec
1143 2416 1287 2460 cautio
1317 2417 1374 2459 est
1402 2416 1446 2459 in
1478 2417 1532 2459 iis

133 2488 210 2548 qui
245 2487 424 2531 honoris
461 2486 598 2531 studio
631 2486 863 2530 ducuntur.
923 2486 1038 2528 Nam
1074 2486 1270 2544 pecuniae
1304 2485 1451 2544 cupidi
1487 2495 1532 2529 et

131 2556 262 2612 avari,
282 2555 483 2615 injuriam
515 2554 590 2598 fibi
619 2570 695 2616 per
726 2563 1026 2612 contemptum
1057 2555 1275 2612 quendam
1296 2554 1458 2597 illatam
1484 2553 1529 2597 in

133 2625 261 2669 bonis
279 2635 323 2669 et
341 2624 552 2684 pecuniis,
572 2623 761 2683 graviter
779 2638 828 2668 ac
849 2623 1023 2666 moleste
1042 2622 1211 2667 ferunt:
1243 2623 1420 2667 honoris
1443 2624 1528 2666 stu·
1543 2624 1647 2666 224

134 2694 240 2739 diofi
269 2703 315 2737 et
344 2693 424 2736 viri
452 2693 570 2746 boni,
597 2691 835 2736 infamiam.
895 2693 1043 2736 Quare
1071 2692 1145 2735 'aut
1175 2708 1201 2735 a
1231 2692 1390 2735 talibus
1408 2691 1533 2736 factis

137 2762 435 2808 abstinendum
455 2763 528 2815 est,
548 2770 624 2805 aut
644 2760 854 2819 supplicia
872 2761 1050 2818 quidem
1082 2761 1217 2804 videri
1245 2770 1414 2820 oportet
1438 2762 1533 2804 ani-

140 2846 228 2877 mo·
241 2839 419 2892 paterno
437 2830 705 2885 constituere,
728 2844 814 2873 non
836 2844 912 2887 per
932 2838 1226 2888 contemptum
1247 2848 1257 2875 z
1290 2830 1535 2889 congressus

814 2913 889 2957 ΡΡ
