1898 3308
428 170 512 231 69'8
863 173 1356 220 amsi-orum

427 294 599 340 Quibus
618 295 817 354 acceptis,
835 305 939 342 tunc
959 297 1031 341 ille
1050 297 1223 357 quidem
1243 297 1362 341 abiit.
1423 297 1563 341 Postea
1581 305 1680 341 'vero
1694 301 1795 342 ema

426 363 554 406 nibus
583 364 636 407 ad
669 362 961 410 aedificandum
991 367 1241 424 praeparatiS,
1273 366 1445 426 navigio
1475 366 1626 409 iterum
1648 364 1791 409 cano-

426 430 531 475 bum
571 433 748 487 aeceffit‚
776 434 1053 492 pecuniasque
1086 436 1138 477 ab
1172 435 1265 492 ipfis
1294 435 1488 493 ingentes
1518 430 1792 479 multitudine

418 500 661 556 postulavit.
719 503 831 556 Nam
869 503 950 544 hoc
975 502 1066 559 jam
1101 502 1303 554 inter-effe,
1335 512 1383 545 ut
1412 501 1471 545 ibi
1499 502 1548 544 fit
1576 501 1714 545 forum
1748 510 1792 544 et

424 582 510 610 non
549 568 654 612 illic.
713 569 910 626 Cumque
948 569 988 611 se
1026 569 1147 611 nullo
1183 569 1313 612 modo
1358 578 1524 613 tantum
1561 568 1793 628 persolvere

423 635 535 693 poffe
562 637 830 689 affirmarent,
852 647 945 679 tum
978 637 1162 680 traduxit
1181 638 1304 695 ipsos.
1363 637 1579 695 Ablegato
1605 634 1791 697 quodam

423 703 481 746 ad
501 705 756 762 emptionem
778 705 1038 764 quampiam,
1062 722 1159 749 cum
1181 707 1369 759 senfiffet,
1389 722 1486 749 eum
1515 699 1793 749 n'aRum'effe

424 771 541 824 vilia,
570 781 614 814 et
643 772 749 815 velle
777 774 1006 831 expensum
1035 773 1142 817 ferre
1161 774 1277 832 quod
1298 774 1430 832 pluris
1449 773 1562 826 effet,
1584 767 1692 828 dixit
1713 775 1791 816 ne'-

423 838 599 881 ceffariis
635 840 764 894 illius,
786 841 957 884 audiiffe
989 842 1045 895 se,
1074 842 1190 899 quod
1224 843 1402 899 ipsorum
1437 841 1598 885 amicus
1631 839 1792 885 merces

422 907 582 950 emifl'et
606 908 743 965 *supra*
766 909 942 952 modum
976 925 1134 968 magno
1165 911 1325 968 pretio:
1357 910 1501 968 itaque
1529 910 1570 953 se
1596 925 1682 952 non
1713 910 1793 954 effe

423 974 689 1018 assensurum.
750 976 970 1034 Simulque
1002 979 1195 1021 inertiam
1229 978 1321 1037 ejus
1355 979 1546 1022 fimulata
1578 972 1793 1025 iracundia

421 1041 638 1086 insectari:
671 1052 715 1086 at
745 1044 809 1087 illi
846 1045 911 1086 his
943 1045 1113 1098 auditis,
1150 1061 1233 1089 non
1270 1047 1421 1089 debere
1454 1047 1624 1093 aiebant
1647 1045 1791 1104 'ipsum

421 1109 551 1152 fidem
582 1109 634 1152 iis
669 1110 840 1164 habere,
875 1112 949 1169 qui
981 1123 1126 1156 contra
1154 1114 1366 1156 absentem
1399 1113 1558 1171 aliquid
1585 1110 1789 1166 dicerent,

421 1177 557 1220 donec
590 1178 775 1221 reversus
807 1178 877 1221 bic
908 1180 1112 1222 rationem
1145 1181 1335 1223 redderet
1366 1195 1507 1223 coram
1538 1181 1640 1238 ipso'.
1700 1180 1790 1224 Qui

420 1247 636 1302 postquam
655 1246 852 1299 redierat,
873 1257 1143 1290 narraverunt
1170 1248 1208 1290 ei
1239 1264 1336 1306 quae
1357 1263 1408 1290 ex
1429 1247 1660 1291 Cleomene
1683 1262 1789 1306 cog-

421 1322 652 1355 noverant:
683 1321 727 1355 at
759 1313 844 1369 ipse
874 1314 940 1355 his
970 1315 1088 1356 simul
1119 1324 1246 1371 atque
1278 1315 1500 1358 Cleomeni
1534 1314 1678 1357 volens
1711 1315 1788 1357 de-

420 1379 644 1422 monstrare
664 1379 820 1432 omnia,
840 1381 985 1423 retulit
1005 1381 1057 1423 de
1077 1382 1214 1438 pretio
1233 1381 1349 1439 quod
1373 1381 1603 1424 mercando
1629 1394 1788 1439 expcn-

420 1447 554 1491 derat.
614 1448 727 1491 Cum
759 1447 1017 1491 frumentum
1048 1449 1209 1492 veniret
1239 1449 1281 1492 in
1311 1450 1384 1492 illa
1412 1450 1589 1508 regione
1608 1449 1791 1492 denariis

420 1516 587 1568 decem,
622 1516 825 1559 accersitis
859 1516 910 1560 iis
943 1517 1018 1575 qui
1053 1517 1282 1561 vendendis
1317 1518 1540 1562 frumentis
1575 1519 1790 1563 faciebant

304 1590 410 1642 370
424 1584 642 1642 quaestum,
662 1584 956 1641 percunffiatus
976 1585 1032 1627 est
1050 1594 1254 1642 quantum
1284 1601 1309 1628 a
1338 1586 1379 1629 se
1407 1586 1598 1644 accipere
1615 1586 1789 1630 vellent.

424 1652 634 1696 Quicum
658 1652 863 1705 dixissent,
884 1653 1060 1695 minoris
1088 1654 1160 1711 ipfi
1190 1654 1230 1696 se
1258 1653 1338 1696 effe
1365 1655 1535 1698 daturos
1552 1669 1681 1712 quam
1702 1669 1788 1698 cae-

422 1720 523 1764 teris
554 1720 872 1773 mercatoribus,
885 1719 1001 1778 juflit
1023 1721 1195 1779 quidem
1225 1722 1299 1764 fibi
1328 1722 1434 1765 tradi
1464 1723 1569 1765 tanti
1596 1722 1787 1766 frumen-

422 1796 516 1831 tum
547 1789 695 1846 quanti
725 1788 842 1832 aliis:
874 1789 958 1846 ipse
989 1804 1086 1832 vero
1117 1791 1301 1847 pretium
1333 1790 1474 1833 statuit
1493 1790 1692 1834 frumenti
1712 1790 1788 1834 de-

422 1857 564 1899 narios
593 1870 665 1913 32.
698 1865 742 1899 et
777 1856 883 1899 tanti
914 1857 1138 1901 vendebat.
1197 1858 1452 1901 Convocatis
1486 1858 1789 1913 sacerdotibus,

421 1925 559 1968 dixit:
595 1927 796 1982 Perquam
826 1925 1055 1983 inaequales
1084 1926 1275 1984 sumptus
1306 1926 1349 1968 in
1381 1942 1430 1969 ea
1456 1926 1630 1986 regione
1655 1926 1697 1970 in
1724 1927 1787 1970 sa-

421 1995 577 2037 crificia
614 1994 819 2051 impendi,
856 1994 998 2050 itaque
1032 2003 1076 2037 et
1109 1994 1303 2037 fanorum
1337 1989 1673 2038 et⁴saeerdotum
1708 2010 1787 2038 nu-

420 2077 586 2105 merum
625 2061 807 2104 diminui
844 2071 1051 2119 oportere.
1111 2063 1172 2104 At
1206 2062 1438 2105 sacerdotes
1472 2077 1569 2105 cum
1607 2062 1788 2120 privatas

416 2124 509 2172 suas¹
541 2139 634 2172 tum
664 2128 856 2186 publicas
885 2129 1016 2172 sacras
1044 2129 1246 2187 pecunias
1275 2129 1336 2172 illi
1367 2130 1480 2183 dare,
1510 2130 1789 2174 existimantes
1845 2151 1855 2156 ·

417 2212 560 2240 revera
579 2212 676 2240 eum
707 2196 814 2240 istud
842 2196 1053 2239 facturum
1074 2197 1169 2250 effe,
1190 2198 1306 2256 quod
1326 2197 1454 2241 vellet
1473 2197 1593 2241 suum
1613 2198 1787 2257 quisque

416 2266 562 2309 fanum
585 2266 743 2308 salvum
761 2266 854 2318 effe,
876 2276 920 2308 et
939 2265 1025 2323 ipse
1043 2267 1233 2309 sacerdos
1252 2272 1510 2324 permanere.

473 2333 729 2377 Antimenes
763 2333 954 2376 Rhodius
986 2334 1205 2377 curatione
1238 2335 1277 2377 ei
1311 2334 1398 2378 lata
1432 2334 1592 2378 viarum
1626 2335 1786 2379 circum

417 2401 654 2460 Babylona,
677 2402 743 2447 „ab
775 2401 1032 2454 Alexandro,
1069 2402 1264 2459 pecuniae
1295 2402 1459 2460 copiam
1494 2402 1554 2445 ita
1585 2402 1785 2446 confecit.

417 2471 507 2513 Lex
530 2478 619 2512 erat
648 2469 692 2511 in
724 2468 970 2527 Babyloniae
991 2471 1166 2528 regione
1185 2469 1384 2525 antiqua:
1417 2469 1640 2512 Decimam
1660 2470 1787 2527 pendi

416 2538 471 2581 de
500 2537 552 2581 iis
581 2552 680 2596 quae
707 2537 1049 2594 importarentur,
1071 2537 1237 2580 debere.
1298 2539 1360 2581 Ea
1381 2552 1508 2580 nemo
1528 2537 1786 2596 jamdudum

418 2606 635 2648 utebatur.
705 2603 767 2646 At
796 2604 867 2646 ille
896 2613 1062 2662 tempus
1091 2604 1338 2657 observavit,
1373 2619 1460 2663 quo
1487 2605 1692 2648 adventus
1720 2606 1784 2648 sa-

416 2681 629 2729 traparum
659 2671 847 2714 omnium
884 2672 1197 2728 expectabatur,
1230 2672 1421 2730 itemque
1449 2672 1653 2725 militum,
1683 2687 1785 2715 nec-

417 2754 502 2780 non
524 2739 761 2796 legatorum
791 2738 905 2781 haud
933 2753 1178 2795 paucorum,
1199 2748 1396 2796 praeterea
1414 2739 1621 2782 artificum
1642 2754 1785 2783 accer-

417 2807 588 2850 fitorum
616 2815 661 2850 et
684 2806 790 2850 alios
822 2804 1139 2861 adducentium,
1160 2807 1318 2865 quique
1337 2806 1499 2865 privato
1518 2806 1690 2850 nomine
1709 2821 1783 2864 pe-
