1898 3308
347 210 444 256 Dr.
485 209 687 257 ctJRA
725 180 846 255 rii-:1
887 209 1055 255 FAM.
1096 211 1156 255 11.
1189 223 1230 256 2.
1401 210 1484 268 699

27 365 35 370 -
98 334 434 396 merentur,
481 350 569 394 quo
610 343 802 392 tempore
838 342 883 377 et
921 348 1096 376 munera
1133 334 1272 378 multa
1307 332 1488 376 solerent

69 403 265 458 afferri.
314 405 442 460 Tunc
475 403 611 462 igitur
646 402 857 446 decimam
893 400 1039 460 exegit
1072 401 1302 444 secundum
1342 401 1484 458 legem

105 487 205 531 quae
233 470 418 526 extabat.
477 472 660 515 Rursum
686 470 882 514 laborans
907 468 1064 527 inopia,
1085 469 1221 527 jussit,
1245 469 1485 525 mancipio·

103 555 202 594 rum
219 555 318 599 qua:
335 548 456 583 erant
475 540 518 582 in
539 539 693 592 castris,
720 538 895 583 nomina
922 538 1147 597 perscripta
1173 552 1200 580 a
1227 536 1486 588 volentibus,

105 608 255 667 quanti
285 608 512 661 videretur,
544 606 763 651 aestimari:
795 615 840 651 et
868 606 923 651 de
953 606 1126 665 singulis
1155 619 1268 648 anno
1298 619 1387 647 uno
1413 619 1486 647 eos

100 675 340 735 persolvere
370 677 563 720 denarios
591 677 704 720 οᾶο.
765 676 898 722 Quod
918 676 945 719 fi
967 677 1091 734 cujus
1115 672 1376 730 mancipium
1407 687 1484 716 au·
1502 683 1600 734 371

104 745 289 804 fugisset,
312 746 496 805 pretium
518 745 632 788 illius
653 745 889 788 restitutum
911 745 960 788 iri
983 744 1184 802 promisit.
1227 741 1487 786 Multorum

47 837 53 842 ·
101 813 240 872 igitur
258 813 568 872 mancipiorum
589 813 827 872 perscriptis
846 813 1110 867 nominibus,
1132 827 1218 856 non
1249 826 1396 869 parum
1420 826 1487 854 ar-

102 883 225 941 genti
256 884 487 928 conflatum
518 883 616 927 fuit.
678 883 723 926 Si
754 898 854 926 vero
884 882 1110 941 aufugisset
1141 880 1332 939 aliquod,
1354 880 1491 939 justit,

100 949 323 1011 satrapam,
343 952 386 995 in
417 951 540 1011 cujus
567 952 664 996 loca
692 952 953 1010 pervenisset,
974 952 1040 995 vel
1070 951 1359 1008 reducendum
1385 950 1490 994 illud

101 1019 148 1064 in
168 1021 311 1074 castra,
333 1021 397 1064 vel
420 1021 602 1079 pretium
623 1021 800 1064 domino
820 1020 1143 1079 persolvendum
1163 1035 1328 1063 curare.

78 1135 82 1137 Α
160 1089 369 1148 Ophellas
400 1090 668 1143 Corinthius,
698 1089 927 1133 constituto
959 1099 1231 1147 procuratore
1261 1089 1491 1147 provinciae

101 1156 431 1212 Arthriditidos‚
451 1173 552 1202 cum
571 1158 800 1217 provinciis
819 1158 1006 1216 praefeSti
1028 1158 1143 1200 illius
1160 1157 1246 1200 loci
1265 1157 1400 1216 ipsum
1422 1172 1493 1201 ac-

104 1225 322 1281 cederent,
355 1235 400 1271 et
433 1227 573 1270 multo
604 1227 726 1284 plura
757 1223 798 1270 se
830 1227 1066 1269 tributuros
1098 1226 1417 1283 pollicerentur,
1448 1234 1493 1269 et

103 1303 302 1353 peterent
328 1305 376 1339 ut
403 1302 720 1354 procuratorem
757 1295 1032 1338 constitutum
1066 1302 1325 1337 removeret:
1358 1295 1491 1337 inter-

103 1363 272 1422 rogavit
290 1378 382 1417 eos,
400 1363 563 1422 possent
595 1378 649 1406 ne
675 1362 813 1406 facere
841 1361 1114 1421 promissum?
1150 1362 1240 1406 Qui
1261 1363 1359 1406 cum
1379 1364 1492 1421 pofl'e

87 1432 436 1487 ‚seaffirmarent,
458 1447 544 1476 non
566 1432 639 1476 ille
668 1431 843 1492 quidem
872 1431 968 1476 loco
995 1432 1130 1475 movit
1160 1442 1491 1490 procuratorem,

104 1500 269 1547 tributa
296 1516 410 1555 vero,
439 1517 539 1560 quae
565 1500 838 1544 aestimatione
869 1500 941 1558 ipfi
976 1500 1049 1544 sua
1077 1500 1354 1559 subjecerant,
1378 1502 1494 1561 exigi

90 1567 249 1628 ¹justit-‚f
290 1570 450 1627 Neque
478 1568 611 1628 igitur
639 1569 867 1612 constituto
887 1569 964 1612 abs
982 1568 1023 1611 se
1043 1569 1247 1613 bonorem
1269 1570 1494 1615 detrahere

105 1637 345 1693 videbatur,
364 1651 504 1694 neque
524 1635 732 1695 praefeEtis
753 1637 913 1696 majora
941 1637 1103 1680 tributa
1126 1638 1343 1696 imponere
1363 1654 1493 1697 quam

83 1706 536 1766 ·-ipfi..c9nstituifl”ent,
557 1721 656 1750 cum
686 1705 740 1749 ad
769 1705 851 1750 sese
876 1705 1107 1764 multiplex
1136 1708 1320 1766 pecunia
1343 1723 1492 1766 perve-

110 1776 239 1820 niret.

164 1843 393 1905 Pythoclea
411 1844 743 1888 Atheniensibus
772 1844 991 1888 confilium
1012 1844 1162 1899 dedit;
1196 1854 1245 1889 ut
1264 1845 1491 1904 plumbum

26 1910 33 1919 ¹
105 1913 289 1972 Tyrium
308 1913 544 1972 respublica
563 1929 588 1956 a
606 1913 776 1971 privatis
796 1913 850 1956 ad
869 1915 909 1957 se
927 1915 1148 1972 reciperet,
1170 1930 1222 1958 eo
1241 1915 1376 1973 pretio
1405 1931 1494 1974 quo
1508 1923 1535 1966 3
1547 1923 1610 1975 72

108 1980 298 2035 venibat,
317 1981 522 2029 nimirum
543 1981 713 2024 duobus
741 1981 938 2035 denariis,
957 1991 1007 2026 ut
1025 1983 1174 2027 civitas
1202 1983 1360 2027 deinde
1387 1983 1495 2028 illud

107 2050 331 2102 venderet,
351 2050 580 2100 constituto
598 2050 737 2107 pretio
757 2050 1027 2094 denariorum
1049 2051 1134 2095 sex.

167 2117 376 2167 Chabrias
395 2119 554 2162 coathis
580 2118 634 2162 ad
666 2134 792 2162 naves
817 2128 991 2162 centurn
1013 2119 1183 2178 viginti,
1204 2129 1412 2178 quantum
1434 2121 1496 2165 sa-

107 2186 164 2245 tis
182 2187 280 2246 effet
301 2187 544 2239 hominum,
565 2203 666 2231 cum
685 2188 779 2230 Tao
799 2203 883 2230 non
905 2187 1101 2246 pluribus
1120 2204 1250 2246 quam
1280 2189 1500 2249 sexaginta

109 2269 218 2314 opus
248 2256 363 2309 effet,
386 2255 507 2314 juffit
543 2265 591 2298 ut
620 2255 775 2315 reliqui
807 2256 859 2298 iis
890 2255 965 2315 qui
994 2256 1038 2299 in
1068 2255 1286 2315 sexaginta
1316 2259 1498 2302 navibus

109 2323 257 2375 essent,
287 2325 470 2368 duorum
503 2324 707 2367 menfium
743 2324 995 2382 stipendium
1025 2324 1248 2376 solverent,
1275 2335 1350 2369 aut
1379 2327 1498 2370 navi-

109 2407 213 2452 gare
235 2393 361 2450 ipsos.
420 2392 482 2434 At
499 2391 545 2434 hi
563 2392 785 2450 cupientes
804 2407 1022 2436 remanere
1048 2393 1163 2450 apud
1183 2394 1269 2446 sua,
1289 2394 1502 2439 dederunt

111 2461 230 2520 quod
249 2461 544 2519 imperaverat.

169 2529 425 2574 Antimenes
443 2543 494 2571 ea
513 2543 611 2586 quae
632 2528 762 2572 condi
782 2528 974 2572 solebant
992 2540 1165 2586 propter
1186 2530 1274 2573 vias
1296 2532 1453 2590 regias,
1474 2547 1499 2577 a

111 2597 284 2656 satrapis
303 2597 721 2656 complerijubebat,
742 2597 973 2641 secundum
993 2598 1182 2656 regionis
1203 2599 1319 2643 illius
1338 2601 1498 2660 legem.

115 2666 301 2712 Quoties
338 2677 481 2710 autem
519 2666 662 2724 inopia
696 2666 914 2709 laborabat
947 2667 1013 2709 vel
1050 2668 1279 2722 exercitus,
1318 2670 1383 2712 vel
1420 2670 1503 2713 alia

115 2734 368 2786 multitudo,
398 2735 556 2793 absque
585 2749 711 2793 rege,
733 2735 880 2794 aliquo
908 2735 986 2778 abs
1013 2735 1054 2778 se
1083 2736 1203 2779 miffo
1224 2737 1434 2782 vendebat
1453 2754 1503 2782 ea

113 2817 214 2861 quae
234 2802 406 2845 condita
423 2810 558 2846 erant.

108 2920 112 2925 k
174 2869 446 2926 Cleomenes,
466 2870 699 2915 accedente
723 2871 827 2915 luna
854 2886 978 2927 nova,
998 2887 1097 2916 cum
1131 2872 1382 2931 stipendium
1404 2875 1507 2919 effet
