1898 3308
409 222 493 268 472
841 214 1339 265 ARISTOTELIS
1409 235 1412 239 ⁴

405 332 598 386 lioribus,
634 334 805 392 prosunt
838 336 1098 391 civitatibus,
1128 338 1488 396 quemadmodum
1520 336 1786 392 vietum-

405 414 538 457 purus
559 415 656 444 cum
680 418 786 460 puro
806 404 1056 461 conjune‘tus
1075 421 1246 448 omnem
1276 405 1403 448 efficit
1433 405 1647 456 utiliorem
1668 420 1774 464 puu-

409 481 490 510 co:
523 471 804 529 unusquisque
832 473 944 515 enim
966 474 1146 516 seorsum
1177 473 1220 515 in
1243 473 1478 531 judicando
1497 473 1777 531 ‚imperfefizup

408 544 454 578 et
483 551 658 580 mancus
688 539 761 582 est.
820 541 928 582 Sunt
959 550 1100 583 autem
1133 541 1176 582 in
1209 542 1289 582 bac
1320 539 1783 598 reipublicaeradminim

407 604 578 647 strandae
601 606 865 651 ordinatione
884 608 1169 652 dubitationes
1188 608 1299 661 duae,
1319 602 1499 666 quarum
1528 609 1622 655 haec
1640 609 1786 666 prima*

407 672 481 724 est,
501 674 617 730 quod
651 674 840 718 videatur
868 676 948 718 effe
975 677 1176 734 ejusdem,
1198 676 1291 733 quis
1317 675 1428 719 reete
1456 675 1786 738 mediqussss.

399 738 607 797 judicare,
635 742 764 800 cujus
796 750 839 785 et
871 743 1048 794 mederi,
1078 759 1326 802 aegrumque
1355 745 1513 796 sanare,
1541 745 1786 798 aeffmfflbst
1809 761 1811 763 ¹

407 808 612 865 praesente
631 809 821 852 liberare.
856 805 969 854 QHie
997 821 1139 854 autem
1168 812 1358 854 medicus
1388 812 1459 863 est.
1515 811 1672 869 Atque·
1691 811 1777 863 hoo

407 868 595 919 fimiliter
624 877 750 919 etiam
771 878 813 919 in
835 878 927 920 aliis
946 879 1217 921 facultatibus
1236 879 1367 937 longo
1388 879 1464 922 usu
1482 879 1778 938 parti8,.⁴;tque

408 945 585 996 artibus,
621 945 764 987 locum
799 927 942 988 halsst.
1003 947 1380 993 Quemadmodum
1410 947 1540 1005 igitur
1570 941 1778 1000 medicus,

409 1011 521 1068 apud
540 1013 728 1055 medicos
748 1012 959 1070 judicium
981 1013 1523 1068 rationum-referendarum
1544 1014 1683 1069 subire
1699 1014 1778 1068 de-

408 1079 486 1121 bet
503 1095 513 1120 ε
546 1079 598 1122 fic
620 1089 663 1122 et
681 1081 753 1123 alii
771 1081 966 1134 artifices,
985 1081 1103 1139 apud¹
1118 1082 1283 1130 similes,
1320 1125 1321 1129 ,
1342 1082 1784 1145 Medicusauqemfesp

410 1153 456 1189 et
473 1146 509 1189 is
527 1148 602 1204 qui
620 1148 704 1191 alio
722 1149 1015 1206 praescribente
1031 1149 1284 1192 medicinam
1307 1149 1429 1203 facit,
1444 1159 1488 1192 et
1501 1149 1541 1198 is
1559 1149 1636 1208 qui
1652 1150 1780 1203 docet

411 1229 461 1265 ac
486 1216 716 1272 praescribit
744 1217 961 1274 quomodo
991 1217 1200 1259 medicina
1227 1218 1275 1260 fit
1303 1216 1510 1274 facienda,
1537 1217 1784 1271 ‹et-tertiusff

299 1289 397 1340 107
410 1283 485 1339 qui
514 1298 539 1325 a
568 1298 700 1341 puero
730 1284 982 1341 experiendo
1009 1293 1142 1327 artem
1174 1284 1341 1328 didicit.
1401 1286 1510 1328 Sunt
1538 1285 1659 1338 enim
1672 1285 1783 1340 tales

409 1350 583 1407 quidam
622 1352 666 1394 in
704 1351 919 1402 omnibus,
960 1366 1066 1409 pene
1100 1352 1254 1403 dicam,
1295 1353 1473 1395 artibus.
1530 1353 1789 1401 Tribuimus„

407 1425 550 1474 autem
580 1418 805 1476 judicandi
837 1419 1130 1461 auctoritatem
1166 1419 1300 1461 nihilo
1335 1420 1477 1462 minus
1507 1420 1582 1462 usu
1614 1421 1776 1478 peritis,

405 1501 534 1543 quam
548 1487 793 1544 scientibus.
853 1489 1053 1533 Praeterea
1073 1497 1117 1528 et
1134 1487 1176 1530 in
1199 1487 1398 1544 eligendo
1416 1488 1717 1538 eodemfmodo
1734 1489 1779 1533 se

405 1570 472 1597 res
507 1554 662 1598 habere
702 1554 904 1597 videatur.
965 1555 1134 1597 Etenim
1174 1555 1286 1597 rene
1307 1555 1489 1619 eligere,
1520 1558 1782 1615 eoruquui

405 1622 559 1674 sciunt,
591 1638 748 1666 munus
778 1623 862 1664 estz
895 1621 1009 1665 verbi
1039 1622 1190 1679 gratia,
1210 1620 1780 1681 geometrameligerffieo·

405 1705 501 1732 rum
522 1691 579 1733 est
597 1691 671 1747 qui
691 1691 733 1732 in
753 1690 990 1748 geometria
1017 1689 1093 1732 diu
1123 1690 1395 1747 multumque
1413 1690 1560 1734 versati
1578 1682 1706 1735 suni-2
1731 1701 1779 1741 et,

403 1759 752 1816 gubernatorem,
772 1774 920 1801 eorum
940 1758 1015 1816 qui
1035 1767 1166 1800 artem
1183 1758 1445 1815 gubernandi
1470 1766 1631 1801 tenent.
1690 1759 1783 1814 Etfi3

405 1827 521 1869 enim
542 1827 595 1868 de
617 1826 866 1884 quibusdam
887 1825 1083 1882 operibus
1102 1834 1145 1868 et
1164 1825 1324 1868 artibus
1343 1825 1569 1883 judicandi
1596 1825 1783 1871 faculta-.

405 1901 494 1936 tem
525 1894 712 1937 habeant
744 1893 941 1937 nonnulli
970 1893 1098 1936 etiam
1130 1893 1288 1943 idiotae,
1308 1901 1353 1935 et
1379 1892 1566 1950 imperiti
1584 1885 1608 1936 :¹
1625 1902 1671 1937 at
1689 1910 1776 1949 non

402 1961 608 2020 majorem
645 1976 774 2019 quam
808 1961 883 2018 qui
916 1960 1068 2003 sciunt.
1132 1962 1282 2017 Itaque
1316 1960 1396 2002 hae
1428 1960 1604 2012 ratione,
1639 1962 1775 2005 comi-

402 2029 578 2082 tiorum,
598 2030 754 2087 quibus
774 2037 968 2071 creantur
988 2028 1268 2086 magistratuS,
1289 2037 1332 2082 et
1351 2028 1561 2071 rationum
1588 2029 1775 2073 referen-

401 2097 551 2140 darum
587 2098 766 2155 potestas
805 2110 934 2153 penes
969 2095 1288 2138 multitudinem
1326 2111 1410 2138 non
1446 2096 1494 2138 fit
1527 2095 1775 2154 redigenda.

402 2167 565 2208 Verum
597 2165 762 2208 fortasse
791 2179 877 2206 non
908 2164 1053 2206 omnia
1077 2163 1171 2206 haec
1190 2163 1302 2206 reete
1322 2163 1539 2216 dicuntur,
1561 2173 1656 2207 tum
1674 2179 1774 2223 pro-

402 2243 497 2292 pter
530 2235 735 2277 rationem
769 2232 887 2274 illam
922 2246 1048 2289 quam
1084 2231 1221 2273 multo
1254 2240 1352 2274 ante
1384 2232 1668 2288 exposuimus,
1701 2235 1776 2277 nist

403 2302 639 2345 multitudo
669 2302 717 2342 fit
747 2299 977 2342 admodum
1000 2299 1154 2341 servilis
1179 2302 1319 2354 (erunt
1348 2299 1463 2342 enim
1494 2299 1647 2358 singuli
1676 2302 1775 2360 q'ui-

403 2370 502 2413 dem
521 2369 691 2427 judices
722 2367 948 2410 scientibus
979 2366 1232 2408 deteriores:
1265 2368 1414 2409 omnes
1434 2381 1532 2410 vero
1551 2369 1774 2426 congrefli,

403 2447 479 2480 aut
509 2436 721 2484 meliorem,
741 2442 883 2477 autem
915 2448 1000 2475 non
1019 2433 1278 2487 deteriores)
1312 2443 1403 2476 turn
1434 2434 1551 2491 quod
1581 2434 1637 2477 de
1663 2449 1774 2492 non..

403 2505 532 2549 nullis
562 2506 701 2556 rebus,
734 2517 872 2560 neque
902 2501 1037 2546 solum
1067 2499 1217 2543 artifex
1247 2501 1321 2559 qui
1353 2516 1422 2544 eas
1451 2501 1605 2555 effecit,
1635 2511 1777 2560 neque

403 2574 565 2630 optime
578 2571 781 2631 judicarit
801 2588 811 2613 z
842 2585 915 2613 eos
943 2584 1092 2612 omnes
1115 2569 1214 2612 dico
1231 2570 1425 2622 artifices,
1448 2585 1627 2627 quorum
1649 2586 1775 2629 opera

392 2640 593 2698 judicant
612 2640 739 2682 etiam
760 2638 789 2680 ii
809 2638 884 2694 qui
903 2653 988 2680 non
1008 2638 1167 2681 habent
1184 2646 1317 2680 artem
1335 2653 1345 2679 :
1379 2638 1491 2680 verbi
1521 2638 1673 2696 gratia,
1693 2639 1773 2681 do-

396 2714 522 2751 'mum
553 2708 804 2765 cognoscere
835 2721 920 2748 non
950 2705 1084 2747 solum
1115 2705 1206 2762 ejus
1236 2706 1293 2748 est
1322 2706 1394 2763 qui
1417 2705 1533 2758 fecit,
1554 2705 1623 2755 sed
1643 2707 1772 2749 etiam

398 2790 452 2817 eo
472 2775 624 2817 melius
647 2775 680 2816 is
701 2774 775 2831 qui
795 2788 844 2815 ea
864 2772 1266 2829 utitur,judicabit:
1298 2773 1435 2815 utitur
1458 2782 1603 2816 autem
1632 2773 1668 2816 is
1697 2775 1772 2831 qui

397 2843 575 2886 domum
594 2841 865 2893 administrat,
886 2840 966 2883 five
984 2839 1284 2896 paterfamilias
1303 2855 1313 2882 ε
1345 2849 1388 2882 et
1409 2840 1463 2883 de
1481 2841 1773 2899 gubernaculo
