1942 3320
10 969 22 995 n<

430 176 526 221 DE
564 174 991 220 REPUBL-I-CA
1035 175 1072 217 Ι.
1104 186 1146 232 7·
1388 181 1481 234 399ί

108 270 404 358 daps-‘cutum
419 299 549 343 estad
568 299 789 358 pecuniam
809 298 1057 356 parandam·
1074 296 1443 341 accommodatum
1463 307 1489 341 ξ’

109 367 352 432 ςήιηωιιιὶ
384 369 649 428 illi-quidem
678 367 722 413 id
740 378 922 427 *propter
940 367 1184 426 sapientiam
1205 367 1477 411 attribuunt}

108 446 381 484 veruntamen
428 438 590 496 aliquid
628 440 686 482 est
731 437 922 481 universe
969 436 1132 479 fortaffe
1180 438 1490 494 praeceptum.)-

35 554 38 558 Α
107 507 220 551 Cum
240 507 354 550 enim
374 506 414 550 ei
433 516 722 565 paupertatem
743 506 848 549 vitio
869 514 1080 549 verterent
1101 514 1229 562 atque
1251 506 1479 563 exprobra-

106 582 216 628 rent,
237 582 439 633 tanquam
467 574 682 632 sapientiae
712 575 893 617 studium
924 573 1076 615 inutile
1097 573 1171 614 fit:
1204 572 1340 625 aiunt,
1361 587 1479 624 eum,

31 662 34 666 ·
106 657 207 686 cum
239 657 294 685 ex
321 643 541 700 astrologia
576 642 841 686 intellexisset
874 641 1060 684 olearum
1096 642 1332 683 ubertatem
1374 640 1479 692 fore,

105 707 263 768 hyeme
282 711 472 753 nondum
493 710 655 763 exaaa,
674 710 906 768 paucorum
934 725 1162 752 numerum
1185 709 1306 766 copia
1325 709 1478 751 instru-

107 777 405 831 &um2-omnia
430 778 514 822 olei
534 779 787 827 conficiendi
817 779 910 821 loca
938 787 982 821 et
1013 794 1110 836 quae
1137 779 1296 839 Mileti,
1319 786 1362 820 et
1382 794 1482 837 quae

106 846 150 888 in
185 843 323 890 Chio?
340 842 486 900 effent3
533 846 642 889 datis
687 843 996 890 arrhabonibus
1047 861 1175 904 parvo
1223 846 1482 900 conduxisse,

105 915 264 973 quippe
282 928 382 958 cum
403 915 586 958 licitator
615 915 774 968 nullm,
805 915 880 974 qui
912 915 1151 958 mercedem
1182 923 1374 973 augeret,
1403 929 1481 956 ex·

109 982 305 1026 stitiffeta
324 983 431 1026 ‘'Ubi
463 991 606 1026 autem
639 991 808 1040 tempus
841 983 971 1036 venit,
993 997 1093 1025 cum
1123 981 1261 1026 multa
1289 981 1408 1024 fimul
1437 989 1483 1024 et

106 1050 579 1109 subim’quaererentur,
613 1051 698 1094 illis
732 1052 806 1094 suo
839 1051 1061 1104 arbitratu,
1093 1059 1137 1094 et
1171 1051 1320 1109 quanti
1356 1049 1493 1093 vellet-⁴

100 1117 287 1163 ,elocutis
301 1118 545 1172 etti-aditis,
567 1118 715 1161 multis
745 1119 934 1176 pecuniis
967 1119 1142 1171 coaffls,
1163 1117 1396 1170 ostendisse,
1416 1117 1481 1160 fa-

110 1185 291 1228 oileaffe
307 1185 586 1244 philosophis,
607 1186 632 1228 fi
655 1186 804 1238 velint,
824 1185 1026 1234 ditescere
1043 1201 1054 1227 z
1085 1185 1158 1228 sed
1178 1186 1261 1228 hoc
1282 1200 1366 1228 non
1387 1184 1495 1237 effe,-

110 1253 173 1296 in<
193 1254 314 1312 quod
336 1254 531 1298 studium
570 1255 688 1298 suum
730 1254 970 1297 conferunt.
1027 1254 1185 1297 Thales
1229 1254 1364 1311 igitur
1399 1254 1485 1296 hoc

110 1321 242 1366 modo
255 1322 422 1366 dicitur*
434 1322 647 1380 sapientiae
668 1323 753 1365 suae
774 1322 982 1379 specimen
1003 1322 1186 1365 edidiffe.
1236 1322 1304 1364 Est
1322 1330 1483 1374 autem,

110 1391 477 1451 quenadmodum
505 1391 708 1444 diximus,
727 1391 918 1441 universe
947 1391 1030 1433 hoc
1059 1391 1146 1434 tale
1175 1405 1311 1449 genus
1332 1391 1384 1433 ad
1407 1405 1496 1448 pe·-

111 1459 547 1506 cumsfiaciendam
578 1460 967 1512 accommodatum,
990 1460 1015 1501 fi
1045 1459 1141 1516 quis
1162 1459 1281 1516 poffit
1306 1458 1380 1501 fibi
1410 1458 1497 1500 uni*

111 1526 380 1586 tinga-iem*
399 1527 614 1570 vendendi
652 1526 899 1570 facultatem
947 1525 1189 1569 conciliare.
1250 1527 1395 1570 Quare
1442 1533 1497 1568 et*

112 1596 331 1640 nonnulle
349 1595 540 1640 civitates
559 1596 669 1638 hanc
689 1596 764 1638 fibi
783 1596 894 1638 viam
914 1596 968 1638 ad
988 1595 1209 1653 pecuniam
1240 1594 1486 1653 parandam,

114 1680 215 1710 cum
244 1666 347 1724 qius·
364 1665 577 1723 indigent,
592 1665 815 1708 muniunt.
873 1664 1161 1722 Affequuntur
1183 1664 1296 1706 enim
1327 1672 1378 1707 ut
1406 1663 1486 1705 fin·

115 1736 313 1794 gularem
341 1748 481 1777 rerum
517 1734 728 1777 venalium
759 1733 1077 1776 vendendarum
1112 1733 1356 1776 facultatem
1391 1732 1488 1775 solae
1502 1725 1572 1777 26

115 1801 320 1845 habeant.
338 1834 341 1837 Δ
378 1803 429 1844 In
451 1801 599 1845 Sicilia
617 1809 758 1844 autem
779 1801 952 1857 quidam
975 1799 1115 1843 numis
1135 1800 1246 1857 apud
1264 1815 1363 1844 eum
1383 1815 1500 1843 con-

117 1869 450 1928 ditisacpofitis
468 1869 626 1914 ferrum
646 1884 775 1912 omne
794 1885 848 1912 ex
866 1869 1047 1912 ferrariis
1073 1869 1253 1912 officinis
1281 1869 1493 1912 convertit

117 1948 163 1982 et
178 1939 352 1982 occurit.
413 1939 555 1981 Postea
573 1938 647 1981 ubi
665 1953 718 1981 ex
737 1938 997 1981 mercatibus
1016 1946 1306 1981 convenerunt
1327 1951 1503 1980 merca-¹

117 2015 249 2059 tum,
264 2005 430 2049 ferrum*
449 2019 578 2048 omne
605 2005 716 2048 solus
747 2006 973 2059 vendebat,
1003 2021 1089 2048 non
1123 2006 1184 2048 ita
1213 2005 1492 2048 immoderate

114 2074 240 2118 aa&
258 2071 397 2132 pretio
409 2088 423 2116 ε
453 2082 743 2117 verumtamen
763 2074 935 2117 talentis
955 2074 1269 2132 quinquaginta
1287 2074 1492 2132 expensis,

119 2153 295 2188 eentum
321 2140 562 2187 lucrifecit.-
610 2143 742 2187 Quod
770 2158 869 2186 cum
900 2143 1073 2186 audisset
1091 2143 1337 2200 DionyfiuS,
1359 2157 1493 2201 pecu·

122 2213 207 2257 niae
222 2212 398 2271 quidem
414 2208 559 2256 secum
589 2213 860 2269 exportandae
879 2212 919 2255 ei
940 2213 1184 2269 potestatem
1203 2212 1322 2264 fecit,
1344 2226 1495 2254 verum
1528 2250 1533 2254 .

123 2281 459 2340 Syracusio-‘eum
476 2280 671 2338 *amplius
700 2296 870 2324 manere
891 2281 1042 2334 vetuit,
1063 2289 1264 2338 tanquam
1298 2280 1374 2338 qui
1406 2281 1504 2323 vias·

121 2350 315 2410 pecuniae
343 2348 549 2394 faciendae
580 2349 791 2407 reperifl'et
809 2349 891 2392 suis
915 2350 1041 2392 rebus
1060 2363 1110 2392 ac
1129 2349 1365 2391 rationibus
1397 2348 1494 2391 inu-

123 2418 236 2462 fflee.
292 2416 466 2461 Thaleti
485 2425 644 2469 tamen,
665 2425 711 2458 et
731 2416 851 2469 huic,
872 2415 927 2458 de
945 2430 1032 2473 quo
1051 2415 1243 2473 proxime
1273 2415 1405 2458 locuti
1424 2416 1493 2459 su-

118 2500 238 2542 mut,
259 2486 373 2529 idem
396 2486 654 2543 propositum
683 2484 782 2538 fuit,
809 2485 926 2542 quod
958 2486 1225 2528 intuerentur
1254 2499 1304 2528 ac
1331 2485 1495 2542 specta-

122 2563 232 2599 rent.
290 2554 486 2610 Uterque
503 2553 616 2595 enim
631 2553 784 2596 callide
800 2553 1060 2610 excogitavit
1080 2562 1124 2595 et
1140 2553 1406 2596 machinatus
1423 2555 1505 2606 est,-

124 2636 214 2680 quo
233 2621 358 2680 pacto
376 2620 488 2663 solus
515 2619 725 2662 vendendi
755 2621 1000 2677 potestatem
1031 2620 1220 2662 haberet.
1279 2619 1401 2662 Utile
1419 2635 1496 2662 au-

124 2698 216 2733 tem
254 2689 313 2732 est
350 2688 444 2732 haec
482 2689 735 2746 cognoscere
773 2689 994 2732 civitatum
1032 2689 1283 2732 reetoribus.
1341 2689 1498 2732 Multis

126 2757 251 2800 enim'
276 2756 525 2800 civitatibus
558 2762 666 2815 opus
695 2757 755 2799 est
785 2757 980 2815 pecuniae
1007 2757 1212 2799 faciendae
1240 2757 1419 2810 ratione,
1455 2766 1511 2801 et·-

127 2822 291 2869 talibus.
315 2825 378 2869 rei
411 2824 615 2879 numariae
645 2824 938 2879 facultatibus,
957 2825 1319 2883 quemadmodum
1346 2834 1391 2868 et
1419 2825 1511 2868 <io-1
