1898 3308
412 137 498 186 530
808 175 810 177 ,
855 130 1358 185 Ams'ro‘rssms
1405 151 1412 186 3
1486 150 1494 156 -
1841 0 1898 190 ἢ

1871 201 1898 227 '22

412 250 530 294 enim
548 250 750 296 diffluunt
768 266 1017 312 paucorum,
1039 254 1112 314 qui
1131 254 1376 312 reipublicae
1396 253 1597 313 praesunt,
1616 266 1795 312 uxoren
1862 241 1898 309 ’ἶ

412 318 485 362 sed
506 319 560 363 de
578 320 647 364 his
669 321 844 379 quidem
864 323 992 366 rebus
1011 323 1220 367 haetenus
1239 323 1402 367 dietum
1424 322 1487 372 fit.
1562 370 1567 378 ,
1606 367 1609 370 .
1787 366 1790 372 .
1878 315 1898 341 ἰ

193 386 304 426 XVI·
472 389 606 433 Nunc
639 405 735 447 quae
769 390 824 434 ad
859 391 1175 449 magistratuum
1212 391 1446 435 creationes
1476 389 1549 434 seu
1587 371 1791 438 eonstitu-

302 452 395 503 171
416 455 556 500 tiones
576 458 804 516 pertinent,
826 459 880 502 ab
908 459 1032 502 initio
1060 459 1253 518 persequi
1277 467 1322 502 et
1339 458 1603 517 Ρετῐῖεᾶεῖε
1631 470 1792 512 conau-

415 525 518 568 dum
555 527 628 570 est.
686 527 846 572 Tribus
876 536 1018 570 autem
1053 527 1209 570 finibus
1238 527 1391 573 barum
1427 524 1692 580 ᾶίὶϊεῖοαῐίφ
1704 524 1792 569 οἰκ-ὀ.

410 593 678 652 cumscriptae
695 595 818 638 sunt:
850 595 926 653 qui
946 596 970 638 fi
991 603 1316 652 componantur,
1339 594 1490 645 modos
1507 609 1658 646 omnes
1674 591 1791 647 sum-

410 671 508 718 ptos
529 662 608 705 effe
630 663 791 706 neceffe
810 663 882 706 est.
944 664 1111 706 Horum
1143 671 1285 706 autem
1315 662 1445 706 trium
1466 676 1607 706 unum
1618 653 1791 720 estgqui

410 730 488 772 snt
514 730 542 773 ii
572 730 646 788 qui
677 730 941 789 magistratus
970 730 1157 775 faciunt:
1168 730 1384 784 alterum,
1406 744 1459 774 ex
1482 730 1669 788 quibust
1700 738 1790 776 ter-

409 797 535 849 tium,
557 798 795 855 quomodo.
851 778 1188 856 Uniuscujusque
1207 813 1331 856 porro
1360 798 1515 842 horum
1544 797 1674 851 trium
1693 804 1793 849 tres

407 865 502 908 sunt'
520 865 786 909 differentiae.
844 866 958 908 Nam
987 875 1062 908 aut
1089 880 1240 908 omnes
1268 865 1381 909 cives
1415 862 1685 919 constituunt
1693 879 1790 911 ere-

407 941 568 991 antque
587 933 871 990 magistratus,
891 941 964 976 aut
984 932 1145 991 aliqui:
1177 941 1222 976 et.
1239 942 1313 976 aut
1331 948 1386 976 ex
1405 932 1629 989 omnibus,
1638 941 1718 986 aut
1734 947 1789 977 ex

409 1001 660 1058 quibusdam
693 1002 820 1045 certis
855 1017 904 1045 ac
934 1002 1119 1045 definitis
1142 1002 1275 1059 (verbi
1304 1002 1466 1061 gratia)
1478 1010 1562 1050 aut
1590 1016 1619 1047 a
1642 987 1790 1054 censu,

408 1078 482 1111 aut
503 1085 527 1112 a
545 1084 718 1128 genere,
739 1078 813 1113 aut
833 1085 858 1113 a
876 1070 1048 1123 virtute,
1072 1078 1147 1113 aut
1167 1071 1243 1114 tali
1270 1070 1353 1114 alia
1369 1085 1414 1119 re
1434 1069 1605 1128 aliqua.
1634 1085 1790 1129 quem.-

408 1138 656 1181 admodum·
673 1138 882 1196 Megaris,
901 1153 955 1181 ex
975 1138 1026 1181 iis
1046 1138 1121 1197 qui
1147 1154 1231 1182 una
1251 1140 1304 1182 ab
1322 1138 1482 1182 exsulio
1508 1145 1790 1192 reverterunt,

408 1221 578 1265 unaque
610 1207 801 1250 adversus
830 1206 1038 1265 populum
1075 1207 1168 1250 acie
1201 1207 1499 1250 decertarunt:
1530 1215 1659 1265 atque
1691 1206 1789 1250 hoee

407 1282 480 1316 aut
501 1274 725 1327 elecffione,
755 1282 830 1318 aut
858 1275 983 1318 sorte.
1045 1275 1202 1319 Rursus
1230 1275 1326 1318 haec
1352 1273 1561 1332 duplicari
1589 1273 1784 1333 posi-'unt-

408 1341 492 1386 hoc
511 1343 584 1395 est,
605 1343 710 1386 alios
731 1343 997 1401 magistratus
1024 1342 1154 1400 aliqui
1183 1343 1457 1395 constituunt,
1477 1342 1583 1389 alios
1607 1356 1787 1387 omnes·

407 1417 452 1451 et
485 1410 609 1461 alios,
646 1425 699 1453 ex
731 1410 934 1453 omnibus
968 1410 1158 1462 civibus3
1194 1409 1316 1462 alios,
1345 1424 1398 1452 ex
1430 1401 1709 1467 quibusdam.
1741 1418 1789 1453 et

405 1476 527 1530 alios,
548 1477 755 1535 suffragiis
782 1479 852 1521 seu
881 1477 1102 1530 eleffioue,
1129 1477 1236 1520 alios
1263 1478 1386 1520 sorte.
1445 1477 1614 1524 Harum
1641 1486 1789 1520 autem

405 1544 737 1588 differentiarum
770 1545 1096 1604 uniuscujusque
1129 1555 1310 1603 quatuor
1342 1553 1468 1592 erunt
1500 1544 1634 1590 modi.
1693 1545 1786 1593 Aut

405 1612 521 1655 enim
553 1629 702 1656 omnes
729 1629 781 1657 ex
810 1613 1026 1666 omuibus,
1050 1613 1274 1664 eleffiione,
1305 1613 1385 1655 five
1414 1611 1636 1670 suffragiis,
1667 1611 1791 1665 fient,

405 1688 479 1722 aut
504 1695 653 1724 omnes
673 1696 725 1724 ex
744 1681 962 1732 omnibus,
985 1682 1117 1724 sorte:
1149 1689 1193 1723 et
1221 1689 1294 1723 aut
1313 1694 1365 1723 ex
1386 1679 1599 1733 universis,
1627 1687 1702 1723 aut
1731 1695 1790 1724 ex

404 1749 605 1792 omnibus
635 1750 678 1792 in
710 1758 847 1807 partes
878 1749 1108 1792 distributis
1131 1749 1263 1803 (verbi
1291 1747 1444 1807 gratia)
1469 1748 1512 1797 in
1538 1740 1690 1802 tribue,
1709 1759 1791 1794 aut.

405 1818 652 1874 municipia,
673 1828 747 1861 aut
768 1817 1007 1860 sodalitates
1039 1818 1117 1859 five
1146 1817 1299 1869 curias,
1318 1810 1456 1868 donec
1475 1815 1532 1859 ad
1548 1830 1702 1860 omnes
1717 1817 1782 1860 ci·

405 1900 476 1927 ves
497 1896 766 1942 perventum,
787 1894 831 1928 et
852 1900 925 1943 per
942 1900 1092 1928 omnes
1123 1885 1230 1928 itum
1266 1884 1418 1928 fuerit.
1450 1894 1525 1928 aut
1552 1883 1712 1942 semper
1729 1899 1785 1928 ex

404 1953 622 2004 omnibus,
657 1962 699 1996 et
731 1953 884 2010 partim
917 1953 1017 2005 hoc,
1045 1952 1197 2010 partim
1230 1952 1306 1994 illo
1336 1951 1482 2005 modo.
1542 1953 1722 1995 Rursum
1754 1952 1782 1995 fi

402 2020 520 2077 qui]
498 2022 574 2063 fint
593 2020 821 2073 constituti,
846 2020 910 2063 vel
932 2035 983 2062 ex
1003 2006 1464 2071 01nnibus‚e1e&ione,
1483 2019 1551 2062 vet
1568 2034 1618 2062 ex
1639 2020 1780 2063 omni-

401 2089 498 2140 bus,
520 2090 661 2132 sorte·
694 2089 758 2131 vel
789 2104 840 2131 ex
872 2088 1102 2145 aliquibus,
1125 2087 1348 2139 elehtionffi
1380 2087 1449 2130 vel
1474 2102 1526 2130 ex
1552 2087 1782 2146 aliquibus,

402 2157 535 2200 sorte:
570 2158 633 2201 vel
658 2157 809 2215 partim
838 2157 921 2200 hoc
952 2157 1096 2207 modo,
1118 2156 1268 2214 partim
1297 2155 1397 2198 illo:
1430 2155 1606 2209 honest,
1623 2156 1787 2214 partim,
1834 2172 1840 2181 ·

401 2240 453 2268 ex
487 2226 704 2281 omnibus,
739 2224 963 2277 elefflone,
993 2224 1146 2282 partim
1185 2224 1307 2267 sorte.
1369 2224 1521 2282 Itaque
1548 2224 1776 2277 duodecim

290 2294 349 2343 17
358 2294 387 2334 2
403 2293 522 2336 modi
554 2293 677 2345 fiunt,
705 2301 858 2350 praeter
888 2291 992 2335 duas
1023 2289 1342 2348 conjunffiones
1373 2290 1443 2333 seu
1473 2290 1786 2349 copulationes-

402 2363 568 2404 Harum
587 2370 728 2404 autem
749 2359 1032 2402 constituendi
1053 2358 1316 2416 magistratus
1335 2357 1661 2411 rationum‘duae
1682 2354 1780 2402 su'nt

400 2430 640 2487 populares,
671 2443 824 2485 nempe
856 2442 1006 2470 omnes
1035 2442 1089 2468 ex
1119 2428 1334 2479 omnibus,
1364 2435 1438 2469 aut
1466 2425 1677 2485 suffragio,
1703 2436 1791 2475 aut

397 2498 507 2541 sorte
538 2498 641 2549 fieri,
673 2507 748 2540 aut
777 2505 987 2553 utroque:
1019 2496 1122 2537 alios
1152 2494 1326 2552 quidem
1361 2494 1625 2552 magistratus
1651 2491 1776 2550 sorte,

396 2565 502 2608 alios
531 2565 736 2608 eleflione
757 2566 827 2613 seu
846 2563 1056 2620 suffragio.
1117 2562 1327 2606 Constitui
1356 2555 1484 2622 porro
1514 2578 1598 2622 non
1627 2578 1786 2613 omnes.

395 2633 570 2689 quidem
600 2632 866 2690 magistratus
891 2629 1028 2682 fimul,
1050 2628 1119 2672 sed
1148 2637 1294 2671 tamen
1323 2644 1377 2671 ex
1408 2629 1608 2684 omnibus
1628 2636 1703 2673 aut
1722 2645 1776 2673 ex

394 2700 661 2757 quibusdam,
686 2708 761 2742 aut
779 2698 901 2750 sorte,
922 2706 995 2739 aut
1023 2696 1247 2749 elefflone,
1269 2704 1559 2754 aututroque,
1577 2706 1652 2751 aut
1669 2697 1781 2741 alios

394 2783 446 2810 ex
478 2768 695 2820 omnibus,
730 2766 834 2829 alios
865 2778 922 2809 ex
953 2764 1224 2824 quibusdam,
1255 2773 1459 2822 utroque,
1487 2764 1603 2821 (dico
1629 2761 1780 2812 autem'
