1898 3308
378 143 463 198 578
700 198 703 201 ¹
803 142 1330 204 ‘Amsro‘r-Ems

378 276 480 305 vero
509 262 836 310 adolescentium
867 276 1063 325 appetere
1091 277 1260 326 propter
1289 266 1431 311 causas
1457 265 1683 319 amatorias
1708 269 1755 309 et

378 345 591 387 venereas,
622 349 708 377 non
737 343 905 393 propter
933 336 1149 379 licentiam
1182 351 1231 380 ac
1260 335 1535 394 potestatem:
1565 332 1622 377 ad
1638 331 1753 383 sum-

378 413 511 463 mam,
535 417 636 459 quae
666 402 946 461 ignominiosa
975 403 1055 446 effe
1085 403 1295 457 videntur,
1317 402 1547 461 maj0ribus
1576 398 1752 444 honori·

378 464 460 511 bus
489 469 695 513 redimere
724 479 853 528 atque
883 471 1099 515 exsarcire.
1158 474 1317 515 Eorum
1342 480 1486 516 autem
1514 469 1592 529 qui
1621 467 1754 532 ipsam
1779 527 1781 530 Ι

379 537 549 594 tyranni
578 538 707 581 vitam
742 548 786 581 et
815 548 944 596 caput
975 546 1143 595 petunt,
1163 548 1208 581 et
1235 539 1398 596 corpori
1428 537 1646 582 interitum
1676 550 1753 595 pa·

379 613 490 658 rant,
511 605 558 647 hi
587 605 682 648 sunt
710 606 894 648 maxime
922 606 1162 660 horribiles,
1183 616 1226 649 et
1245 606 1468 664 plurimam
1499 604 1753 657 accuratiffi-

378 686 581 730 mamque
612 672 842 715 custodiam
876 671 1125 726 desiderant,
1157 672 1231 730 qui
1260 681 1443 731 tyranno
1470 687 1497 715 a
1523 671 1567 715 se
1601 678 1754 717 necato

378 753 462 781 non
483 755 742 798 magnopere
769 740 978 793 laborent,
999 749 1049 783 ut
1078 741 1208 783 vitam
1239 741 1313 784 fibi
1343 740 1525 783 retinere
1543 746 1588 782 et
1605 737 1751 797 super-

376 806 456 849 efl'e
490 807 630 850 liceat.
691 807 904 851 Quocirca
933 807 964 850 ii
999 808 1184 851 maxime
1216 808 1392 851 cavendi
1425 808 1537 860 sunt,
1571 804 1647 865 qui
1684 804 1758 857 vel-

375 874 543 931 seipsos,
563 875 629 918 vel
648 889 720 917 eos
741 890 850 932 quos
869 875 977 918 forte
996 874 1106 918 tueri
1130 875 1303 928 debent,
1323 874 1627 918 contumeliose
1653 870 1753 927 lodi

376 952 557 999 putant:
589 943 661 985 fibi
684 943 797 985 enim
812 943 1002 985 minime
1022 952 1216 1001 parcunt,
1234 942 1310 1001 qui
1333 943 1392 986 'ab
1422 943 1486 987 ira
1514 938 1678 1001 impulfi
1706 941 1753 986 in

374 1010 552 1053 alterum
593 1011 774 1064 irruunt,
808 1020 857 1053 ut
890 1010 951 1053 ait
983 1009 1259 1054 Heraclitus:
1296 1010 1382 1069 qui<
1404 1003 1517 1065 cum,
1542 1009 1751 1063 rationem

373 1077 540 1122 afferret
558 1078 649 1137 ejus
670 1079 788 1137 quod
817 1079 996 1133 dixiffet,
1018 1079 1190 1122 difficile
1209 1087 1254 1123 et
1270 1078 1448 1122 arduum
1469 1078 1550 1122 effe
1566 1093 1666 1122 cum
1691 1079 1754 1133 ira

373 1161 580 1204 pugnare,
613 1147 729 1191 Quia
752 1146 870 1205 quod
899 1146 1077 1204 expetit,
1098 1145 1204 1188 emit
1231 1146 1388 1199 anima,
1409 1145 1565 1204 inquit.
1623 1145 1749 1199 Quo·

375 1215 489 1257 niam
509 1223 650 1258 autem
672 1214 865 1257 civitates
883 1229 934 1256 ex
955 1214 1120 1257 duabus
1139 1213 1359 1272 particulis
1378 1213 1579 1266 constant,
1598 1227 1752 1271 nempe

374 1297 426 1324 ex
455 1283 683 1340 egentibus
713 1290 757 1324 et
786 1281 1102 1338 locupletibus:
1134 1281 1319 1325 maxime
1348 1281 1522 1339 quidem
1552 1281 1751 1339 utrosque

373 1349 527 1393 adduci
549 1358 733 1406 oportet,
755 1358 803 1392 ut
824 1349 1058 1392 existiment
1077 1349 1118 1392 se
1137 1357 1306 1408 propter
1334 1349 1561 1407 imperium
1581 1349 1749 1408 tyranni

372 1417 506 1460 salvos
526 1418 620 1470 effe,
641 1426 685 1460 et
705 1427 878 1459 neutros
898 1417 1039 1459 alteris
1058 1417 1185 1461 finere
1203 1417 1334 1460 ullam
1351 1416 1545 1476 injuriam
1566 1416 1718 1461 inferre
1737 1434 1749 1460 ε

372 1486 564 1543 proxime
593 1500 693 1528 vero
725 1485 809 1527 utri
841 1485 916 1527 fint
947 1477 1221 1542 potentiores,
1249 1485 1329 1528 hos
1358 1484 1536 1544 imperio
1565 1485 1751 1537 maxime

371 1552 618 1611 adjungere,
639 1563 684 1596 et
702 1555 795 1596 suos
817 1552 968 1595 facere.
1026 1554 1140 1596 Nam
1162 1553 1189 1595 fi
1219 1567 1286 1596 res
1315 1553 1484 1612 tyranni
1507 1552 1592 1609 hoc
1619 1553 1761 1606 modo,

371 1619 527 1664 fuerint
549 1622 776 1665 contractae
796 1630 839 1664 et
859 1621 1099 1678 compofitae
1120 1638 1132 1664 ε
1164 1635 1302 1679 neque
1330 1620 1468 1676 servos
1491 1619 1763 1676 neceffeh'af

370 1690 490 1733 bebit
522 1700 724 1748 tyrannus
755 1690 808 1732 ad
839 1689 1079 1732 libertatem
1113 1704 1279 1743 vocare,
1311 1703 1449 1747 neque
1477 1688 1590 1747 cives
1619 1690 1748 1733 armis

371 1759 532 1802 nudare
550 1775 560 1801 ε
593 1773 688 1816 pars
708 1758 822 1800 enim
844 1757 973 1800 altera
993 1757 1046 1800 ad
1065 1757 1233 1816 tyranni
1256 1757 1399 1816 copias
1425 1756 1631 1813 accedens
1648 1757 1750 1802 satis

371 1826 450 1868 erit
482 1826 622 1869 valida
649 1825 703 1868 ad
737 1841 810 1868 eos
843 1826 917 1884 qui
951 1826 1257 1883 impreffionem
1289 1825 1428 1869 facere
1461 1826 1747 1882 conabuntur,

370 1894 643 1937 coercendos.
705 1894 787 1937 Sed
807 1884 1158 1951 supervacaneum
1183 1895 1239 1936 est
1268 1894 1511 1952 singillatim
1530 1894 1632 1946 talia
1649 1909 1745 1954 per-

369 1962 504 2020 sequi.
564 1964 614 2004 In
644 1971 845 2020 promptu
875 1962 932 2004 est
962 1962 1074 2005 enim
1108 1962 1212 2020 quid
1240 1962 1281 2005 ei
1311 1962 1507 2020 principi,
1533 1962 1607 2020 qui
1635 1963 1756 2020 solus-

370 2031 567 2088 imperat,
588 2030 843 2089 propositum
866 2029 944 2072 effe
964 2030 1143 2073 debeat:
1175 2039 1368 2087 oportere
1390 2045 1491 2073 eum
1511 2030 1644 2074 videri
1662 2046 1747 2076 non

369 2099 657 2158 tyrannicum,
678 2099 747 2141 sed
779 2107 981 2156 tanquam
1010 2099 1070 2141 rei
1101 2098 1319 2142 familiaris
1345 2098 1682 2157 dispensatorem,
1703 2111 1749 2144 et

368 2168 514 2210 animo
533 2167 665 2225 regali
686 2166 907 2223 praeditum
931 2181 1031 2224 erga
1050 2167 1162 2209 cives
1182 2183 1192 2209 ε
1225 2175 1268 2209 et
1288 2182 1372 2209 non
1391 2166 1535 2209 omnia
1552 2166 1625 2210 fibi
1646 2179 1747 2211 ven-

368 2235 600 2286 dicantem,
623 2236 778 2292 suaque
794 2233 1037 2287 facientem,
1059 2234 1127 2277 sed.
1146 2243 1443 2292 procurantem
1459 2250 1509 2278 ac
1529 2244 1746 2286 tuentem:

371 2313 464 2346 tum
486 2303 529 2345 in
551 2303 637 2344 vita
654 2302 854 2360 degenda
872 2301 1211 2344 mediocritatem
1230 2311 1273 2344 et
1293 2301 1642 2357 moderationem,
1662 2318 1749 2347 non

371 2371 549 2414 nimium
581 2380 625 2413 et
655 2369 1051 2412 immoderationem
1073 2368 1315 2412 consectari.
1375 2370 1582 2412 Praeterea
1600 2369 1644 2426 in
1666 2385 1746 2413 no-

370 2440 480 2483 biles
509 2439 682 2496 quidem
707 2437 746 2480 se
766 2437 994 2489 affabilem,
1015 2446 1058 2478 et
1077 2437 1120 2479 in
1143 2436 1501 2495 congreffionibus
1520 2452 1570 2480 ac
1590 2438 1746 2481 sermo-

370 2508 496 2549 nibus
528 2506 695 2549 facilem
730 2505 932 2562 praebere,
954 2504 1273 2547 multitudinem
1309 2519 1407 2546 vero
1435 2504 1628 2562 populari
1648 2520 1745 2557 Vora-

370 2575 487 2616 tione
507 2566 762 2617 demulcere.
823 2574 887 2614 Ex
916 2571 984 2613 his
1014 2572 1129 2614 enim
1159 2572 1384 2628 imperium
1414 2571 1475 2624 fit,
1497 2587 1584 2614 non
1611 2571 1744 2615 solum

370 2642 605 2699 pulchrius,
633 2650 676 2683 et
707 2639 822 2682 omni
855 2640 1044 2681 sermone
1073 2638 1381 2696 praedicabilius
1412 2653 1462 2681 ac
1494 2638 1746 2684 fortunatius

251 2719 353 2760 225
376 2710 493 2767 (quia
529 2709 776 2751 melioribus
809 2707 1004 2764 imperet,
1026 2716 1069 2749 et
1099 2722 1184 2749 non
1215 2706 1359 2749 fractis
1388 2722 1437 2749 ac
1465 2706 1643 2750 demiffis
1662 2725 1677 2750 ε
1704 2718 1750 2753 et

370 2778 471 2836 quia
505 2793 589 2820 non
622 2778 670 2820 fit
704 2784 908 2835 perpetuo
945 2773 1108 2818 civibus
1146 2774 1300 2818 invisus
1332 2782 1376 2817 et
1409 2774 1638 2831 horribilis)
1677 2775 1748 2819 sed
