1968 3366
424 194 509 239 390
772 193 787 203 ··
856 181 1347 229 ARISTOTELIS

424 302 557 345 ran'do
574 311 792 362 occupata,
812 307 857 349 et·
875 302 1012 350 rerum
1037 303 1353 366 quaerendarum
1365 302 1570 358 studium,
1591 301 1684 361 pars
1698 298 1781 344 ὥ

426 385 512 428 qua
531 371 578 413 fit
597 373 770 415 rationis
790 376 957 417 tuendae
975 376 1032 418 rei
1058 376 1286 426 familiaris,
1305 390 1356 417 an
1376 370 1458 428 alia
1476 371 1665 430 quaedam
1687 370 1781 427 sp&

428 438 538 480 cies.‘
575 434 712 497 Atqui
732 441 865 484 multa
884 442 975 484 sunt
994 442 1128 493 victus
1147 443 1217 485 seu
1236 442 1426 485 alimenti
1445 440 1614 499 genera.
1652 437 1780 481 *Qua*

427 514 597 563 propter
629 508 755 550 etiam
790 509 936 552 multae
972 511 1068 552 sunt
1098 510 1196 553 vitae
1229 510 1415 552 colendae
1448 508 1628 551 rationes
1660 505 1782 548 et-³‘'m

428 574 575 616 multis
596 575 892 629 animantibus,
913 585 956 619 et
976 577 1019 619 in
1039 577 1282 619 hominibus
1300 594 1310 619 ι
1344 577 1426 618 fine
1449 572 1782 622 alimentoenin'a

428 650 474 684 et
491 643 647 699 pabulo
666 643 749 686 vivi
770 659 852 686 non
873 646 1017 701 potest.
1077 646 1226 702 Itaque
1254 645 1442 686 alimenti
1471 642 1687 699 viflusque
1699 638 1784 684 dif-

429 709 634 762 ferentiae,
656 711 753 754 vitae
773 712 960 755 colendae
988 713 1167 754 rationes
1188 706 1538 755 inanimantibus
1557 709 1786 752 effecerunt

431 778 643 820 diffimiles
681 794 730 821 ac
760 779 953 821 diversas.
1012 780 1240 822 Bestiarum
1275 779 1388 821 enim
1429 778 1523 821 aliae
1557 775 1784 835 gregatim,

431 846 523 888 aliae
557 847 720 904 sparsim
756 857 799 889 et
830 862 935 904 vage
967 847 1129 899 vivunt,
1165 856 1443 904 utrocumque
1481 845 1608 888 modo
1641 844 1702 887 eis
1733 843 1788 889 ad

430 914 588 971 pastum
617 913 784 969 expedit
803 930 813 956 z
844 922 1062 971 propterea
1082 914 1195 971 quod
1214 929 1354 956 earum
1376 914 1467 956 aliae
1487 912 1789 962 animantibus,

432 981 526 1023 aliae
546 980 767 1032 fructibus,
788 981 878 1022 aliae
907 975 1021 1023 omni
1054 974 1196 1038 pabuli
1225 996 1379 1038 genere
1409 981 1642 1023 vescuntur.
1701 980 1789 1021 lta-

432 1064 516 1106 que
545 1048 597 1090 ad
635 1048 878 1091 facilitatem
916 1049 1346 1106 commoditatemque
1381 1048 1530 1101 victus,
1564 1047 1789 1102 ethai-um

431 1131 572 1158 rerum
611 1116 877 1169 electionem,
916 1132 1056 1159 earum
1094 1118 1191 1160 vitae
1230 1132 1384 1175 genera
1414 1126 1560 1159 natura
1591 1113 1792 1158 distinxit.

437 1183 653 1226 Quoniam
686 1193 826 1226 autem
853 1199 937 1226 non
967 1185 1021 1226 est
1051 1184 1161 1226 idem
1192 1186 1343 1242 cuique
1366 1184 1606 1243 jucundum
1629 1192 1792 1236 natura,

435 1251 507 1293 sed
528 1251 607 1293 alia
627 1251 740 1293 aliis:
772 1242 897 1293 etiam
918 1252 1154 1309 bestiarum,
1178 1246 1267 1294 tum
1285 1243 1427 1294 earum
1449 1267 1547 1309 quae
1566 1246 1802 1301 animanti?

435 1319 515 1361 bus
537 1318 770 1370 vescuntur,
790 1327 881 1360 tum
913 1333 1053 1360 earum
1085 1335 1180 1376 quae
1209 1319 1431 1370 fructibus,
1455 1318 1619 1361 vivendi
1639 1332 1795 1377 genera

434 1386 546 1428 inter
565 1386 605 1427 se
625 1385 803 1428 distant:
836 1386 1023 1442 itemque
1052 1386 1287 1428 hominum.
1346 1386 1501 1428 Multis
1530 1386 1642 1429 enim
1669 1387 1796 1429 rebus

437 1452 637 1495 differunt
655 1453 804 1495 horum
834 1453 929 1496 vitae
958 1469 1127 1511 genera.
1187 1453 1392 1496 Omnium
1417 1461 1557 1496 autem
1578 1454 1795 1514 pigerrimi

440 1537 489 1564 ac
518 1522 805 1564 defidiofiffimi
835 1522 930 1564 sunt
964 1523 1162 1579 pecuarii,
1188 1538 1295 1581 quos
1323 1523 1463 1565 Graeoi
1493 1523 1692 1566 nomadas
1719 1537 1795 1581 ap·

438 1589 612 1647 pellant.
669 1590 822 1632 vietus
847 1589 958 1631 enim
990 1591 1043 1632 ab
1073 1590 1354 1632 animantibus
1381 1591 1593 1634 cicuribus
1623 1591 1703 1633 fine
1731 1590 1795 1634 la·

439 1658 544 1700 bore
564 1658 625 1699 eis
646 1657 872 1714 contingit,
894 1666 936 1698 et
957 1658 1220 1700 ceffantibu's.
1281 1658 1391 1700 Cum
1423 1667 1543 1715 porro
1571 1658 1730 1716 neceffe'
1747 1658 1798 1700 fit

440 1725 668 1781 pecoribus
688 1723 831 1766 locum
858 1733 1020 1766 mutare
1050 1734 1217 1781 propter
1244 1725 1408 1782 pascua,
1429 1725 1499 1782 ipfi
1525 1726 1800 1783 quoqueuna

441 1792 558 1849 sequi
590 1792 979 1848 coguntur-‚bveluti
1012 1792 1114 1834 vivae
1146 1793 1412 1853 agriculturae
1441 1807 1608 1851 operam
1636 1793 1799 1848 dantes.

440 1858 530 1901 Alii
552 1873 603 1900 ex
626 1859 845 1900 venatione
866 1859 1011 1901 vivunt
1029 1876 1040 1901 t
1072 1859 1141 1902 sed
1162 1860 1230 1901 alii
1251 1875 1302 1902 ex
1331 1860 1429 1912 alia,
1451 1854 1631 1918 exempli
1644 1860 1802 1918 gratia,

441 1926 490 1967 hi
509 1941 560 1968 ex
581 1926 816 1978 latrocinio,
837 1926 899 1968 illi
920 1942 969 1968 ex
990 1927 1162 1983 piscatu,
1183 1928 1443 1984 quicumque
1462 1928 1591 1980 lacus,
1602 1928 1654 1970 'et
1680 1921 1801 1985 palu-

443 1993 534 2045 des,
556 2004 600 2036 et
617 1994 782 2045 fluvios,
802 2002 873 2035 aut
895 2009 1008 2036 mare
1027 1994 1246 2050 piscationi
1272 2006 1555 2052 opportunum
1575 1995 1771 2038 accolunt
1789 2013 1801 2039 :

447 2060 517 2101 alii
541 2075 592 2101 ex
619 2060 816 2116 aucupio,
843 2068 916 2102 aut
946 2061 1083 2117 praeda
1111 2061 1291 2104 ferarum
1321 2062 1554 2105 bestiarum.
1614 2063 1805 2122 Plerique

374 2115 591 2169 lssautem
625 2125 817 2169 homiues
845 2142 869 2168 e
899 2136 1006 2169 terra
1031 2128 1175 2169 vivunt
1195 2137 1238 2170 et
1258 2144 1309 2170 ex
1329 2129 1534 2172 fructibus
1562 2130 1804 2174 mansuetis.

447 2196 632 2239 Vivendi
653 2197 783 2253 igitur
802 2211 971 2254 genera,
991 2212 1086 2253 quae
1107 2197 1278 2254 quidem
1300 2213 1425 2255 opera
1445 2195 1805 2252 nativa'con'flent,

449 2274 493 2307 et
529 2280 611 2307 non
642 2266 948 2321 permutatione
979 2274 1053 2307 aut
1085 2266 1390 2322 cauponatione
1421 2267 1578 2309 vicium
1611 2267 1804 2325 suppedi-

448 2341 558 2385 tent,
580 2333 670 2375 haec
689 2332 775 2375 fere
794 2333 916 2375 sunt:
948 2333 1206 2390 pecuarium,
1229 2334 1271 2375 in
1291 2349 1394 2391 agro
1417 2334 1594 2376 colendo
1623 2334 1806 2393 occupa-

450 2404 573 2452 tum,'
597 2401 639 2442 in
678 2400 965 2442 latrocinando
1002 2400 1194 2457 politum,
1235 2402 1515 2458 piscatorium,
1551 2402 1806 2446 venaticum.

452 2469 665 2512 Nonnulli
695 2483 816 2525 porro
842 2468 936 2510 haec
966 2469 1074 2510 inter
1103 2469 1143 2511 se
1173 2469 1393 2512 miscentes
1416 2469 1603 2527 jucunde
1629 2467 1806 2514 vivunt:

453 2544 502 2578 ut
520 2551 699 2593 quaeque
720 2536 804 2577 vita
822 2536 1081 2592 egentiffima
1107 2537 1178 2588 est,
1199 2537 1258 2578 ita
1275 2552 1384 2590 eam,
1405 2552 1488 2595 qua
1516 2546 1631 2594 parte
1661 2539 1699 2581 ei
1731 2538 1808 2581 aliss

454 2619 540 2660 qua
558 2603 720 2654 desunt,
745 2603 997 2659 supplenteS,
1019 2613 1068 2645 ut
1088 2603 1162 2645 fint
1182 2604 1250 2660 ipsi
1274 2605 1470 2646 omnibus
1501 2605 1811 2661 copiis'cumu-

453 2670 530 2713 lati
551 2685 601 2712 ac
620 2670 775 2721 referti,
796 2670 985 2727 nihilque
1013 2679 1214 2728 praeterea
1241 2662 1496 2713 desiderent:
1526 2672 1643 2714 verbi
1660 2674 1811 2731 gratia,

456 2737 501 2778 hi
524 2737 761 2793 pecuariam
788 2738 917 2779 vitam
947 2752 1044 2779 cum
1076 2738 1296 2780 latrocinio
1318 2739 1596 2797 conjungunt,
1617 2739 1676 2782 illi
1698 2740 1812 2799 agri-

458 2803 671 2847 culturam
713 2819 812 2848 cum
861 2805 1109 2848 venatione:
1158 2806 1346 2864 itemque
1383 2806 1466 2849 alia
1504 2807 1602 2851 vitae
1643 2811 1812 2865 genera,
