1898 3308
202 1095 290 1134 XII.

301 201 305 209 ,
418 151 504 206 630
837 149 1353 198 -AR1ST0TEL1s

1672 63 1687 74 ff
1730 62 1757 75 rt
1779 59 1794 76 -ἣ

1651 85 1674 93 4»
1747 78 1792 91 ἰ7
1826 94 1827 97 ¹

1676 99 1677 103 ¹
1744 91 1804 121 *ir·,·;
1846 99 1847 102 ¹

1766 128 1783 137 ,,

415 285 501 314 non
530 271 666 316 solum
700 274 915 319 moenibus
947 277 1074 320 urbes
1107 276 1313 335 sepiendae
1343 290 1391 320 ac
1419 273 1660 319 muniendae
1678 272 1792 333 sunt,

414 354 560 383 verum
583 342 711 384 etiam
732 339 967 387 curandum
992 346 1050 387 est
1077 353 1127 388 ut
1147 337 1251 388 ‘haec
1279 345 1331 388 ad
1360 349 1655 405 ornamentum
1672 342 1792 389 urbis

416 407 495 450 fint
530 410 757 468 magnifica
787 426 837 455 ac
865 412 1034 466 decora,
1064 422 1108 456 et
1137 413 1191 456 ad
1219 413 1316 456 usus
1342 413 1536 465 belhem,
1555 410 1790 464 tumfalios,

417 483 510 520 tum
542 493 656 521 nunc
685 480 876 536 proxime
906 488 1109 537 repertos,
1128 481 1451 523 accommodata
1480 489 1608 538 atque
1635 492 1790 538 oppor-

415 552 534 587 tuna.
596 546 974 589 Quemadmodum
1004 547 1119 589 enim
1149 547 1202 589 iis
1233 547 1307 605 qui
1335 547 1582 590 adoriuntur
1600 555 1644 590 et
1669 547 1789 590 inva-
1850 564 1857 578 ⁰

416 610 539 665 dunt,
562 627 674 663 curae
694 615 749 656 est
769 614 1027 672 excogitare,
1050 615 1208 671 quibus
1236 614 1376 657 modis
1396 614 1538 657 omnia
1554 623 1631 658 aut
1646 613 1792 673 aliqua

415 678 602 722 habeant
632 681 867 738 superiora:
900 682 961 724 ita
990 690 1034 724 et
1063 681 1114 723 iis
1142 681 1214 738 qui
1244 681 1316 723 fibi
1337 690 1500 733 cavent,
1519 681 1601 724 alia
1609 696 1700 740 jam
1721 681 1789 725 in-

415 756 540 790 venta
559 748 668 800 sunt,
690 749 771 790 alia
789 749 859 806 ipfi
882 764 1084 807 quaerere,
1106 758 1149 792 et
1169 749 1373 792 acerrimo
1393 749 1529 792 studio
1545 747 1798 807 investigare

416 815 574 858 debent
593 833 602 858 :
635 831 731 858 nam
752 818 805 859 ab
827 817 951 859 initio
970 833 1023 859 ne
1043 826 1247 860 conantur
1270 817 1444 875 quidem
1475 817 1521 860 in
1551 824 1625 861 eo's
1654 815 1791 876 impe-

416 891 510 926 tum
531 883 683 937 facere,
706 885 779 942 qui
798 885 1037 942 praemuniti
1059 900 1108 929 ac
1129 884 1336 943 preparati
1356 885 1466 928 sunt.

997 1012 1202 1036 -.-*—.

964 1094 1054 1138 CA
1070 1095 1116 1136 P.
1161 1094 1267 1139 XII.

606 1207 673 1248 De
687 1206 854 1264 publicis
873 1207 978 1261 locis,
1000 1216 1037 1249 et
1053 1203 1158 1250 reela
1178 1224 1307 1250 eorum
1327 1207 1601 1265 aedificationa

474 1295 652 1338 QUON
659 1296 774 1340 IAM
794 1305 935 1338 autem
957 1296 1113 1338 civium
1134 1296 1305 1354 quidem
1327 1296 1558 1339 multitudo
1576 1310 1651 1355 per
1670 1294 1792 1339 soda-

416 1361 558 1405 litates
593 1371 638 1404 et
670 1364 1012 1406 concoenationes
1050 1364 1241 1421 publicas
1278 1364 1507 1415 distributa,
1543 1363 1653 1407 muri
1693 1377 1797 1407 vero·

417 1431 747 1486 propugnaculis
770 1440 812 1472 et
837 1432 1022 1473 turribus
1053 1432 1095 1473 in
1129 1431 1234 1473 locis
1264 1431 1427 1473 idoneis
1455 1431 1637 1474 distineri
1661 1440 1793 1489 atque

416 1498 640 1555 intercepti
676 1499 754 1541 ess'e
782 1499 968 1541 debent:
999 1499 1158 1541 scilicet
1191 1514 1252 1541 eae
1282 1514 1347 1541 res
1376 1499 1600 1543 hortantur
1618 1507 1662 1542 et
1679 1498 1790 1541 invi-

416 1574 508 1607 tant
528 1575 576 1608 ut
598 1566 800 1609 nonnulla
820 1567 1011 1609 convivia
1033 1567 1074 1608 in
1098 1567 1165 1608 his
1186 1566 1515 1624 propugnaculis
1539 1575 1812 1623 apparentur

415 1642 541 1690 atque
560 1633 832 1676 adornentur.
893 1635 1039 1691 Atque
1061 1634 1152 1676 haec
1173 1634 1347 1691 quidem
1379 1636 1461 1676 hoc
1493 1633 1625 1676 modo
1650 1633 1797 1691 dispo·¹
1853 1670 1857 1673 .

417 1701 556 1743 nenda
584 1711 710 1759 atque
731 1702 963 1744 ordinanda
983 1702 1061 1744 effe
1083 1701 1316 1743 videantur.
1378 1702 1462 1744 Sed
1481 1716 1531 1744 ea
1549 1717 1645 1759 quae
1664 1703 1793 1745 rebus

416 1767 571 1810 divinis
604 1769 810 1811 attributa
836 1779 878 1811 et
908 1769 1146 1811 consecrata
1172 1769 1267 1811 sunt
1297 1769 1528 1821 domicilia,
1550 1780 1594 1812 et
1619 1784 1669 1812 ea
1694 1785 1792 1828 quae

418 1836 514 1878 sunt
542 1837 789 1894 ampliffima
819 1838 1138 1894 magistratuum
1168 1837 1375 1889 sodalitia,
1403 1837 1586 1879 triclinia
1611 1838 1792 1891 dico,'in

416 1905 573 1962 quibus
603 1920 652 1948 ea
682 1906 961 1956 celebrantur,
991 1905 1190 1947 convenit
1217 1905 1359 1948 locum
1388 1904 1593 1947 idoneum
1619 1905 1792 1958 habere,

417 1988 588 2030 unoque
620 1982 663 2015 et
695 1975 846 2016 eodem
879 1974 972 2016 loco
1003 1974 1160 2030 templa
1193 1973 1337 2016 onmia
1357 1973 1435 2015 effe
1459 1974 1601 2030 posita,
1623 1973 1696 2016 nifi
1726 1973 1794 2017 vel

415 2040 484 2082 lex
517 2041 674 2097 aliqua,
712 2042 778 2083 vel
809 2041 981 2099 aliquod
1012 2041 1228 2083 oraculum
1262 2040 1491 2097 Apollinis,
1522 2040 1589 2082 vel
1617 2040 1792 2098 aliquod

417 2108 532 2150 aliud
564 2108 677 2151 &etat
700 2109 888 2165 separari.
948 2109 1068 2151 Talis
1097 2119 1237 2151 autem
1270 2109 1397 2151 fuerit
1425 2109 1544 2152 locus
1565 2117 1610 2152 et
1627 2109 1790 2152 adeffi-

301 2183 405 2225 284
419 2176 614 2219 ciendam
633 2177 732 2219 fitus
752 2177 1026 2234 praestantiam
1050 2176 1144 2219 satis
1163 2176 1330 2219 illustris
1359 2186 1487 2234 atque
1519 2177 1726 2230 eminens,
1748 2187 1794 2221 et

418 2259 504 2301 prae
538 2244 686 2287 vicinis
721 2245 909 2301 partibus
942 2244 1124 2287 civitatis
1159 2253 1277 2287 tutus
1308 2259 1357 2287 ac
1391 2244 1595 2287 munitus.
1653 2245 1795 2289 Decet

416 2321 557 2353 autem
582 2312 684 2354 huic
704 2311 801 2354 loco
822 2311 917 2353 talis
937 2311 1015 2353 fori
1036 2312 1282 2354 structuram
1304 2311 1384 2354 effe
1402 2311 1648 2370 subjefiam,
1667 2313 1795 2371 quale

417 2380 459 2421 in
479 2380 687 2422 Theffalia
708 2379 783 2422 usu
805 2389 1021 2437 receptum
1039 2381 1121 2432 est,
1141 2380 1257 2436 quod
1281 2379 1463 2422 liberum
1495 2389 1675 2441 yocant:
1708 2381 1792 2425 hoc

417 2463 542 2505 porro
574 2447 790 2505 fignificat,
828 2448 882 2489 ab
915 2448 1115 2494 omnibus
1148 2447 1274 2489 rebus
1308 2447 1527 2490 venalibus
1560 2463 1709 2505 purum
1749 2458 1794 2493 et

418 2516 622 2557 fincerum
657 2508 736 2556 effe
766 2525 975 2571 oportere,
997 2530 1134 2573 neque
1162 2530 1402 2572 quenquam
1429 2515 1644 2559 sordidum
1668 2525 1798 2575 atque

417 2583 664 2625 illiberalem
686 2582 903 2635 artificem,
923 2598 1060 2640 neque
1076 2583 1322 2640 agricolam,
1340 2597 1478 2640 neque
1493 2583 1625 2627 alium
1644 2599 1797 2642 quem-

417 2666 546 2708 quam
570 2651 695 2692 talem
718 2651 804 2692 huc
824 2651 994 2702 irruere,
1015 2661 1089 2693 aut
1110 2652 1287 2693 omnino
1307 2652 1497 2706 aspirare,
1518 2651 1590 2693 nifi
1610 2666 1636 2693 a
1653 2652 1794 2709 magi-

418 2719 609 2761 stratibus
641 2719 878 2761 arcessatur.
938 2720 1081 2761 Fuerit
1116 2729 1258 2762 autem
1297 2719 1368 2761 hic
1401 2719 1521 2762 locus
1550 2718 1715 2776 lepidus
1744 2735 1794 2763 ac

417 2788 626 2840 venustus,
665 2788 691 2829 fi
728 2787 856 2830 etiam
897 2787 1039 2830 senum
1077 2788 1293 2846 gymnasia
1330 2787 1401 2830 hic
1441 2787 1599 2831 fuerint
1637 2788 1796 2839 locata.
