1898 3308
431 151 515 211 658
865 157 1367 204 Ants'ro‘rzms
1797 0 1898 198 Ἷ

429 275 473 319 in
504 276 556 320 iis
585 292 684 336 quae
711 294 737 323 a
766 281 923 325 mufica
949 282 1190 336 nascuntur,
1219 282 1506 341 voluptatibus
1529 277 1813 338 acquiescssoea

428 346 582 389 Evenit
610 356 753 393 autem
784 349 1047 407 hominibus,
1078 360 1130 394 ut
1148 350 1304 410 jocum'
1318 360 1361 394 et
1379 350 1527 394 ludum
1553 348 1682 392 finem
1701 361 1807 395 eon-

431 413 628 460 stituant:
659 417 788 462 habet
822 420 938 463 enim
967 419 1132 463 fortaffe
1160 419 1419 476 voluptatem
1452 416 1698 462 nonnullam
1727 415 1807 460 ad·

423 480 585 543 je&am
605 484 732 528 etiam
755 485 866 541 finis,
889 502 1036 530 verum
1058 502 1143 530 non
1165 486 1415 544 quamlibet,
1437 500 1576 543 neque
1595 482 1704 528 forte
1723 482 1811 526 for-

432 558 536 595 tuna
553 552 756 606 oblatam‚
777 554 846 598 sed
866 555 1000 613 longe
1031 555 1260 598 maximam
1289 562 1332 596 et
1358 553 1591 612 egregiam.
1650 550 1810 595 Homi-

315 613 416 660 315
433 634 507 664 nes
538 631 682 665 autem
714 621 818 665 dum
856 622 968 666 hanc
1001 630 1213 680 quaerunt,
1250 636 1324 679 pro
1358 621 1441 663 hac
1470 620 1590 663 illam
1621 618 1812 671 sumunt,

432 697 652 746 propterea
672 689 786 748 quod
807 704 857 731 ea
877 704 977 732 cum
999 689 1081 732 fine
1101 688 1318 732 aetionum
1349 687 1632 731 humanarum
1662 684 1809 733 fimili-

429 757 623 800 tudinem
644 757 856 815 quandam
883 772 968 815 prae
999 757 1040 800 se
1071 757 1192 800 ferat.
1253 758 1369 799 Nam
1390 764 1433 798 et
1456 755 1554 798 finis
1568 753 1729 798 nullius
1749 753 1813 798 rei

428 823 585 867 futurae
615 825 752 883 gratia
781 825 978 883 optabilis
1013 825 1104 867 est:
1136 833 1180 867 et
1211 824 1280 868 hae
1309 823 1414 867 tales
1452 823 1688 880 voluptates
1725 826 1814 878 (eas

428 892 528 935 dico
548 908 644 950 quae
664 907 717 935 ex
737 892 894 935 mufica
908 892 1218 951 percipiuntur)
1243 891 1400 934 nullius
1427 890 1487 933 rei
1507 889 1663 935 futurae
1691 889 1816 949 qausa

431 966 715 1016 expetuntur:
745 959 813 1002 sed
843 951 1150 1022 praeteritarum
1180 974 1318 1001 rerum
1343 958 1495 1016 gratia,
1515 971 1667 1016 nempe
1685 957 1810 1000 labo-

429 1042 527 1069 rum
548 1037 592 1070 et
611 1027 783 1070 doloris.
844 1028 988 1071 Quam
1009 1028 1065 1069 ob
1083 1027 1248 1070 causam
1269 1027 1402 1085 igitur
1422 1025 1746 1080 beatitudinem,
1764 1033 1810 1068 et

430 1094 474 1138 in
510 1095 578 1143 his
609 1095 900 1153 voluptatibus
934 1104 1140 1153 quaerant,
1167 1103 1210 1138 et
1238 1110 1290 1137 ex
1319 1094 1387 1137 his
1416 1093 1707 1152 voluptatibus
1737 1092 1814 1137 fibi

431 1179 673 1222 comparare
709 1164 914 1217 studeant,
949 1164 1060 1206 hanc
1092 1163 1188 1222 quis
1223 1164 1302 1206 effe
1335 1163 1504 1206 causam
1538 1160 1814 1219 probabiliter

432 1233 664 1276 existimare
698 1234 836 1290 poffit.
895 1233 964 1275 De
998 1232 1154 1275 mufica
1185 1241 1344 1284 autem,
1376 1245 1471 1273 eam
1503 1230 1696 1289 omniurn
1730 1229 1812 1273 effe

430 1315 704 1344 communem
727 1315 809 1343 non
831 1309 1002 1359 propter
1032 1301 1143 1342 hanc
1172 1299 1324 1351 solum,
1345 1299 1414 1341 sed
1435 1298 1563 1341 etiam
1591 1306 1813 1356 propterea

430 1369 531 1427 quia
550 1368 668 1411 utilis
699 1369 747 1411 fit
770 1368 823 1411 ad
853 1368 1044 1426 requiem
1065 1376 1108 1411 et
1126 1367 1433 1410 recreationem
1455 1381 1480 1409 a
1498 1366 1662 1418 labore,
1682 1380 1812 1410 nemo

429 1437 476 1481 in
514 1436 836 1480 controversiam
871 1436 1048 1489 vocarit,
1081 1445 1130 1479 ut
1162 1443 1348 1493 apparet.
1405 1435 1566 1478 Verum
1595 1433 1813 1482 enimvero

429 1503 707 1562 quaerendum
737 1504 809 1556 est,
840 1511 984 1547 utrum
1014 1517 1089 1560 per
1119 1503 1175 1555 se,
1206 1517 1258 1545 an
1292 1517 1344 1545 ex
1377 1509 1533 1544 eventu
1558 1501 1715 1547 mufica
1742 1516 1812 1544 re-

428 1571 599 1614 laxandi
619 1571 750 1614 animi
779 1570 901 1614 causa
929 1578 1177 1629 expetatur:
1211 1569 1531 1627 verendumque
1557 1569 1615 1612 est
1643 1584 1698 1613 ne
1728 1569 1835 1614 hoev

429 1639 471 1681 ei
491 1640 666 1697 quidem
699 1639 902 1692 evenerit,
923 1639 995 1681 sed
1024 1637 1272 1681 honoratior
1300 1636 1390 1695 ejus
1419 1645 1568 1679 natura
1598 1636 1662 1689 fit,
1681 1651 1813 1694 quam

432 1716 482 1749 ut
501 1716 675 1765 propter
692 1722 805 1761 eam,
826 1722 955 1765 quam
985 1706 1186 1759 diximus,
1207 1705 1434 1748 utilitatem
1463 1714 1594 1764 atque
1615 1705 1814 1764 indigen-

430 1775 553 1827 tiam,
584 1784 832 1832 expetatur:
866 1783 1143 1832 oporteatque
1178 1790 1262 1817 non
1290 1773 1425 1817 solum
1455 1789 1731 1818 communem
1761 1790 1815 1818 ex

432 1859 484 1886 ea
521 1843 801 1902 voluptatem,
840 1844 961 1901 cujus
998 1858 1146 1886 omnes
1179 1843 1340 1885 habent
1378 1843 1559 1896 sensum,
1599 1843 1812 1902 percipere

439 1910 556 1966 (inest
577 1910 689 1952 enim
721 1910 764 1952 in
796 1910 953 1952 mufica
982 1908 1185 1952 naturalis
1206 1908 1420 1966 voluptas:
1452 1908 1651 1966 quocirca
1669 1909 1811 1952 omni-

434 1980 514 2021 bus
536 1979 749 2031 aetatibus,
770 1977 1048 2035 omnibusque
1078 1976 1286 2029 moribus,
1309 1976 1401 2034 ejus
1429 1976 1526 2020 usus
1556 1984 1815 2021 amoenus'et

433 2055 580 2105 gratus
602 2047 673 2100 est)
698 2046 768 2088 sed
789 2060 893 2088 num
914 2045 1053 2102 aliqua
1071 2060 1124 2088 ex
1143 2053 1260 2102 parte
1283 2045 1413 2088 etiam
1431 2045 1487 2088 ad
1504 2045 1694 2089 animum
1715 2059 1814 2104 per-

435 2116 569 2157 tineat
589 2129 637 2156 ac
657 2122 890 2171 permanet,
911 2112 1068 2155 videre.
1128 2114 1227 2155 Hoc
1252 2120 1395 2155 autem
1425 2111 1468 2154 in
1500 2115 1698 2170 promptu
1717 2112 1815 2156 fue-

435 2182 506 2233 rit,
524 2182 554 2223 ‘fi
577 2180 910 2239 cujusdammodi
941 2179 1145 2232 moribus,
1167 2179 1211 2222 id
1240 2179 1311 2232 est,
1333 2188 1451 2222 certo
1477 2179 1664 2237 quodam
1684 2181 1816 2224 modo

437 2250 588 2293 morati
610 2263 683 2307 per
700 2264 793 2292 eam
818 2247 1063 2292 efficiamur.
1122 2249 1184 2290 At
1214 2262 1293 2290 nos
1322 2257 1438 2290 certo
1467 2248 1652 2305 quodam
1682 2250 1814 2293 modo

437 2325 623 2362 moratos
642 2332 718 2375 per
737 2316 937 2360 musicam
961 2315 1065 2368 fieri,
1088 2330 1186 2358 cum
1208 2330 1261 2359 ex
1280 2309 1372 2358 aliis
1396 2315 1543 2359 multis
1573 2312 1816 2376 intelligere

438 2387 581 2438 liceat,
616 2394 708 2428 tum
745 2384 926 2427 maxime
958 2398 1011 2426 ex
1045 2382 1221 2440 Olympi
1256 2382 1515 2426 carminibus
1550 2383 1781 2429 modulatis
1800 2402 1813 2428 ε

437 2454 533 2496 haec
553 2453 668 2496 enim
690 2453 772 2495 fine
792 2451 1070 2494 controversia
1098 2451 1262 2494 animos
1292 2448 1436 2492 afflatu
1455 2450 1640 2507 quodam
1669 2451 1815 2496 divino

438 2529 689 2581 permovent
721 2529 765 2562 et
794 2519 1023 2563 concitant.
1083 2516 1154 2560 At
1173 2518 1305 2560 animi
1333 2518 1562 2561 concitatio
1589 2533 1642 2562 ex
1670 2518 1816 2565 afflatu

439 2590 582 2632 divino
603 2597 716 2641 nata,
737 2602 903 2630 morum
936 2595 981 2629 et
1011 2585 1284 2629 affectionum
1312 2586 1444 2628 animi
1462 2587 1724 2643 perturbatio
1743 2590 1816 2632 est.

442 2659 646 2699 Praeterea
670 2670 770 2699 vero
800 2669 948 2697 omnes
977 2654 1174 2697 homines
1205 2668 1304 2696 cum
1337 2653 1598 2711 imitationes
1617 2655 1816 2711 audiunt,

438 2726 590 2768 animis
610 2730 910 2782 permoventur
928 2737 981 2765 ex
1000 2721 1264 2765 consensione
1293 2729 1336 2764 et
1364 2721 1619 2780 contagione
1638 2731 1817 2777 naturae,

439 2793 564 2837 etiarn
598 2793 680 2835 fine
710 2790 896 2835 numeris
928 2798 973 2834 et
1001 2789 1140 2834 modis
1160 2790 1272 2848 ipfis.
1331 2789 1550 2834 Quoniam
1570 2804 1695 2874 [³9¹²ss
1713 2805 1816 2838 eve·-
