1898 3308
96 181 114 190 ’
262 189 265 193 ’
400 195 496 242 DE
540 193 972 254 REUPUBLICA
1013 194 1119 238 vn.
1153 208 1223 250 14.
1424 195 1507 251 ⁶3⁷

120 305 142 324 Α
166 311 254 341 '⁴⁸¹³
274 318 405 365 ''Cuu‘t
420 319 562 380 ‘igitur
590 317 656 362 vir
683 316 958 362 moderandae
991 316 1176 360 civitatis
1204 317 1364 375 peritus
1383 315 1424 359 in
1447 315 1511 359 fe-

10 436 45 447 w
158 385 201 425 ἦ
221 435 226 442 ,
239 402 260 432 s
273 386 450 448 lagibus
471 387 565 431 haec
585 386 731 431 omnia
751 385 908 429 intueri
929 384 1100 438 debeat,
1124 397 1168 427 et
1188 400 1241 428 ex
1262 386 1390 428 animi
1414 398 1512 444 par-

3 450 49 514 ⁷³5..
103 452 234 510 dibus
256 463 307 499 *et
331 459 391 500 'ex
417 470 566 500 earum
598 455 842 498 actionibus
872 463 966 497 tum
1002 453 1385 511 maximeoportet
1411 467 1512 496 eum

3 518 26 573 ,Ἴ
44 513 62 561 5*
115 516 237 585 lew
265 523 451 584 dirigere
470 523 523 568 ad
544 523 738 576 meliora,
759 533 889 582 atque
910 522 964 566 ad
985 521 1090 564 fines
1109 539 1120 564 ε
1151 521 1387 578 eademque
1406 522 1514 564 ratio

34 575 72 609 θ’
116 592 164 640 in
183 592 283 636 iritae
302 593 536 652 generibus
555 602 600 636 et
619 607 763 635 rerum
785 591 1057 634 varietatibus
1085 605 1135 632 ac
1164 589 1513 632 diffimilitudini-

31 653 38 682 ³
116 661 202 706 bns
237 663 483 706 adhibenda
519 663 591 706 est.
653 662 838 720 Oportet
877 660 991 703 enim
1040 658 1216 718 negotia
1254 657 1430 716 quidem
1469 666 1515 700 et

33 732 46 766 ἲ·
116 728 231 774 bella
258 734 409 790 gerere
439 731 579 790 poffe:
612 730 682 773 sed
714 729 853 788 magis
873 729 1035 787 agitare
1054 741 1202 785 pacem
1229 735 1361 784 atque
1390 725 1514 768 otiari

32 811 34 813 ·
69 827 71 829 ·
119 799 254 858 poffee
275 809 322 844 et
340 814 480 844 rerum
501 799 677 858 quidem
696 798 1018 842 neceffariarum
1038 806 1167 854 atque
1187 795 1359 838 utilium
1380 809 1514 853 agen-

120 870 272 914 darum
301 867 549 914 facultatem
571 870 745 923 habere,
767 869 837 912 sed
858 869 998 927 magis
1017 868 1304 910 honestarum.
1365 867 1517 924 Itaque

9 999 22 1005 ’Β
118 936 175 982 αὖ
188 938 276 982 tho·
294 939 528 999 propofitos
551 940 654 983 fines
682 948 727 982 et
754 939 876 997 pueri
896 936 1103 996 quamdiu
1124 935 1166 979 in
1188 950 1238 979 ea
1256 944 1384 978 aetate
1402 935 1516 988 sunt,

0 1049 26 1073 f*
56 1032 59 1034 -
119 1016 165 1050 et
191 1008 370 1053 aliarum
405 1019 582 1054 aetatum
611 1009 740 1060 cives,
769 1008 845 1066 qui
874 1005 1149 1049 institutionis
1177 1005 1390 1064 indigent,
1416 1019 1516 1048 eru-

0 1098 34 1161 ’ἐ
119 1075 269 1120 diendi
290 1077 404 1122 sunt.
466 1079 528 1122 At
548 1078 576 1120 ii
599 1077 675 1136 qui
709 1091 824 1118 nunc
855 1075 1017 1133 optime
1046 1073 1239 1117 omnium
1267 1075 1517 1116 Graecorum

0 1142 29 1258 3
120 1157 214 1189 rem
236 1145 353 1190 suam
373 1146 588 1205 publicam
611 1145 899 1188 administrare
923 1143 1231 1194 existimantur,
1253 1150 1297 1184 et
1317 1141 1348 1183 ii
1368 1140 1517 1200 legum

121 1213 363 1273 scriptores,
381 1215 459 1274 qui
478 1215 555 1258 has
575 1213 822 1272 reipublicae
846 1211 1183 1255 administrandae
1213 1211 1370 1253 formas
1400 1210 1514 1253 insti-
1532 1219 1637 1275 292

125 1291 483 1343 manuumque
500 1297 648 1326 eorum
679 1297 777 1340 quae
808 1281 862 1323 ad
895 1280 1154 1338 respublicas
1173 1278 1520 1322 administrandas

127 1351 358 1413 pertinent,
379 1351 706 1410 descriptionem
727 1350 778 1393 ad
800 1349 1020 1392 meliorem
1044 1349 1173 1390 finem
1197 1364 1208 1390 :
1241 1363 1382 1406 neque
1402 1349 1523 1406 leges

124 1430 173 1464 et
191 1421 457 1480 disciplinam
478 1421 664 1464 civitatis
693 1419 745 1462 ad
778 1434 930 1461 omnes
960 1418 1140 1461 virtutes
1163 1417 1433 1475 reperiuntur
1453 1432 1522 1461 re—

124 1489 282 1545 tulifl'e,
304 1490 374 1534 sed
396 1491 541 1548 inepte
560 1504 610 1532 ac
631 1488 778 1532 stolide
805 1488 858 1530 ad
888 1501 959 1530 eas
993 1501 1091 1544 quae
1120 1486 1318 1528 utilitatis
1338 1486 1524 1544 speciem

72 1587 74 1589 -
127 1555 279 1616 praelse
298 1557 456 1611 ferunt,
487 1566 532 1601 et
561 1573 660 1616 quae
690 1556 743 1599 ad
772 1571 874 1614 opes
901 1555 1240 1613 amplificandas,
1262 1555 1526 1613 imperiaque

130 1624 280 1684 injusta
309 1626 547 1669 obtinenda
575 1624 776 1668 videntur
805 1622 1231 1677 accommodatiores,
1262 1623 1525 1666 deerrarunt.

132 1694 341 1738 Similiter
371 1703 517 1738 autem
552 1703 683 1750 atque
718 1693 781 1746 hi,
818 1692 995 1750 quidam
1029 1707 1082 1734 ex
1121 1691 1172 1734 iis
1211 1692 1285 1750 qui
1323 1693 1528 1750 posterius

130 1762 397 1821 scripserunt,
419 1763 535 1806 idem
554 1762 898 1821 pronuntiarunt.
959 1762 1073 1803 Nam
1102 1761 1527 1804 Lacedaemoniorum

131 1831 383 1890 reipublicae
417 1830 758 1875 administrandae
791 1830 998 1872 rationem
1035 1829 1274 1882 laudantes,
1303 1830 1430 1873 finem
1464 1831 1527 1873 le-

134 1916 243 1960 gum
275 1900 462 1960 scriptori
493 1901 748 1960 propositum
781 1900 1059 1952 admirantur,
1080 1899 1197 1958 quod
1230 1900 1351 1958 leges
1379 1914 1531 1943 omnes

134 1970 189 2014 ad
208 1971 492 2030 principatum
515 1969 820 2021 obtinendum,
851 1983 1081 2027 rerumque
1110 1969 1381 2026 potiendum,
1402 1978 1448 2012 et
1477 1969 1531 2013 ad

130 2039 302 2085 bellum
330 2038 487 2083 direxit
506 2056 518 2083 ε
549 2054 650 2097 quae
677 2052 775 2081 cum
799 2037 963 2080 ratione
984 2037 1108 2080 facile
1128 2039 1303 2096 coargui
1325 2052 1374 2081 ac
1394 2038 1532 2082 refelli

0 2135 13 2178 33
131 2108 318 2168 poflhnt,
341 2119 436 2151 tum
456 2122 517 2161 re,
539 2116 584 2150 et
602 2106 717 2151 faeto
746 2107 990 2164 nuperrime
1019 2106 1215 2149 convista
1243 2107 1354 2151 sunt.
1414 2109 1529 2151 Nam

128 2177 501 2236 quemadmodum
525 2176 718 2234 plerique
739 2175 942 2218 mortales
964 2176 1095 2234 longe
1116 2175 1290 2234 lateque
1319 2177 1533 2221 dominari

131 2247 400 2292 fortunatum
417 2246 497 2289 effe
517 2254 684 2304 putant,
706 2245 807 2304 quia
836 2245 940 2287 hinc
973 2258 1130 2303 magna
1159 2260 1300 2288 rerum
1328 2246 1533 2290 secunda-

134 2316 232 2361 rum
251 2314 542 2375 suppeditatur
560 2314 770 2358 facultas:
803 2314 858 2356 fic
888 2322 933 2356 et
961 2314 1140 2367 Thibro,
1171 2322 1216 2356 et
1248 2314 1535 2374 unusquisque

133 2385 288 2430 borum
310 2383 387 2444 qui
407 2383 461 2426 de
482 2381 906 2426 Lacedaemoniorum
927 2382 1173 2439 reipublicae
1191 2381 1535 2428 administrandae

0 2511 1 2514 Ἴ
135 2454 304 2498 ratione
323 2452 590 2511 scripserunt,
611 2466 759 2494 eorum
790 2451 937 2509 legum
960 2450 1204 2508 scriptorem
1229 2460 1450 2509 propterea
1471 2454 1535 2495 vi-

1 2526 27 2579 ¹2?-
138 2524 295 2567 dentur
311 2521 392 2565 effe
411 2520 626 2572 admirati,
642 2520 742 2578 quia
762 2519 919 2561 affidua
939 2519 981 2561 in
1005 2518 1220 2562 laboribus
1240 2529 1284 2561 et
1305 2520 1346 2562 in
1366 2521 1535 2579 pericu-

0 2580 18 2653 {⁴
106 2590 110 2597 ’
138 2590 194 2636 lis
213 2589 463 2635 exercitatio
487 2588 549 2631 eis
575 2588 802 2646 imperium
826 2588 867 2629 in
891 2587 1052 2630 multos
1082 2587 1262 2645 populos
1292 2588 1539 2632 conciliavit

0 2653 17 2721 ξ
111 2651 271 2718 *atque
300 2656 530 2718 judicavit.
591 2655 728 2713 Atqui
766 2655 1034 2712 perspicuum
1076 2656 1148 2708 est,
1189 2655 1536 2714 quandoquidem

0 2721 16 2794 ξ’
143 2741 260 2772 nunc
288 2724 604 2770 Lacedaemonii
635 2723 847 2766 defierunt
877 2723 1163 2781 principatum
1194 2724 1387 2768 obtinere
1409 2734 1539 2784 atque

140 2790 363 2855 imperare,
386 2808 524 2852 neque
543 2807 618 2836 eos
647 2792 729 2834 effe
749 2793 914 2844 beatos,
941 2789 1094 2851 neque
1114 2793 1261 2850 legum
1295 2793 1540 2852 scriptorem

143 2865 327 2909 bonum.
389 2865 593 2909 Praeterea
618 2876 718 2905 vero
748 2861 831 2904 hoc
861 2861 1092 2906 ridiculum
1114 2863 1186 2915 est,
1207 2877 1282 2906 eos
1302 2862 1344 2905 in
1365 2863 1540 2922 legibus
