1898 3308
487 179 584 224 DE
627 179 858 224 R'E'PUB
873 180 944 224 1⁴51
958 179 1053 224 ΟΔ.
1093 180 1155 225 11.
1189 192 1231 238 7.
1460 186 1544 239 435

464 309 483 345 t
510 303 659 358 urbem
680 301 762 346 effe
782 302 1066 360 frequentem,
1085 311 1143 347 et
1159 303 1358 349 refertam
1388 304 1548 351 civium

237 419 241 422 ,
371 369 381 380 ’
442 400 456 424 ,
488 385 566 429 per
585 371 808 415 bonorum
842 372 1150 432 aequationem..
1201 374 1297 418 Jam
1323 388 1430 418 vero
1463 373 1549 427 lex,

263 429 337 487 ¹ad
351 439 582 485 liberorum
602 442 937 500 procreationem
956 443 1157 500 pertinet,
1173 443 1276 486 huic
1293 443 1550 488 correfflioni

330 509 417 552 tur.
470 511 588 553 Nam
620 525 720 553 cum
750 511 879 553 vellet
908 510 1019 553 lator
1047 510 1173 568 legis
1186 526 1316 569 quam
1341 511 1551 568 plurimos

151 609 158 616 ,
235 624 239 625 ⁷
259 576 507 635 spaniam,
529 579 725 622 invitavit
744 588 872 637 atque
892 579 1038 622 allexit
1058 580 1172 623 cives
1201 579 1255 623 ad
1287 579 1551 637 quampluri-

152 638 272 694 ἡ.
270 642 444 691 {ibem's
473 647 772 704 procreandos.
832 649 903 689 Est
921 647 1038 690 enim
1066 647 1136 690 lex
1158 648 1270 706 apud
1292 662 1382 699 eos,
1406 648 1430 690 fi
1454 648 1552 706 quis

158 705 247 757 fibo
272 712 383 757 fflios
409 712 656 772 procrearit,
675 730 777 758 eum
803 716 1070 758 vacationem
1103 716 1262 759 habere
1290 714 1485 774 praefidii,
1506 724 1552 760 et

0 775 6 780 ’
79 797 81 799 ·
158 774 372 826 custodie
381 783 530 826 urbice
561 784 587 826 fi
608 792 807 842 quatuor,
831 785 884 827 ab
914 785 1114 827 omnibus
1143 784 1326 842 publicis
1357 784 1547 827 muneri-

0 2962 9 2976 ··
0 2753 35 2953 -vfssassfflesswae
0 2731 13 2743 ‘-
0 2663 28 2703 .ιν
27 2631 34 2642 „

59 823 81 913 ’ᾗ
158 845 497 899 binimmunem
517 852 628 896 effet.
657 852 776 910 atqui
798 852 1063 910 perspicuum
1085 854 1158 906 est,
1179 853 1204 896 fi
1226 853 1353 896 multi
1375 853 1549 897 nascan-
1563 856 1631 920 67

75 926 78 927 ’
159 910 371 971 tu'bfiqam
395 934 499 978 ager
530 920 591 964 ita
622 921 672 965 fit
701 921 875 976 divisus,
901 921 1124 966 necessario
1154 923 1315 965 multos
1345 937 1554 980 pauperes

150 981 343 1031 -hurum
401 989 464 1031 At
482 1003 629 1048 porro
628 989 757 1032 etiam
780 1005 830 1033 ea
853 1006 950 1048 quae
980 991 1035 1034 ad
1066 990 1296 1068 Ephoriam
1318 991 1552 1048 pertinent,

157 1053 307 1098 fliium
321 1055 434 1099 bene
453 1056 494 1099 se
513 1055 690 1101 habent.
751 1059 864 1102 Cum
886 1059 1001 1104 enim
1024 1059 1249 1136 imperinm
1280 1059 1552 1117 Ephororum

156 1113 295 1181 ’q‘fiitn
314 1125 564 1183 potestatem
592 1126 750 1170 habeat
778 1141 919 1170 rerum
951 1127 1250 1181 maximarum,
1272 1127 1436 1184 Ephori
1453 1142 1550 1171 om-

157 1204 245 1235 nes
270 1192 330 1243 ‘de
360 1192 495 1255 plebe
543 1204 752 1238 creantur.
815 1196 966 1253 Itaque
1013 1195 1303 1253 saepenumero
1351 1195 1551 1239 homines

7 1232 36 1304 *Ξ
111 1275 115 1278 ·
157 1258 281 1304 'aldo
297 1273 505 1321 pauperes
523 1271 653 1321 atque
672 1272 848 1321 egentes
866 1264 1078 1320 insperato
1096 1264 1149 1306 ad
1171 1264 1282 1307 hanc
1301 1264 1552 1322 potestatem

157 1330 467 1388 provehuntur,
498 1333 574 1391 qui
610 1343 780 1391 propter
818 1334 1044 1391 egestatem
1086 1333 1270 1377 numarii
1303 1343 1349 1376 et
1382 1334 1553 1378 venales

155 1397 293 1447 stant.
340 1401 467 1444 Cum
487 1411 632 1446 autem
653 1403 762 1460 saepe
781 1413 908 1446 antea
926 1403 1012 1446 hoc
1031 1390 1304 1456 declararint,
1324 1411 1418 1446 tum
1450 1419 1552 1448 vero

155 1463 287 1513 «ihm
307 1470 550 1528 nuperrime
569 1470 613 1513 in
634 1471 820 1515 virorum
845 1471 1064 1525 conviviis,
1087 1487 1185 1530 quae
1207 1472 1371 1515 Andria
1398 1473 1549 1531 appel-

87 1567 89 1569 ·
152 1533 316 1584 hbent
377 1539 579 1596 corrupti
611 1540 727 1583 enim
760 1541 942 1598 pecunia
971 1542 1171 1585 nonnulli
1203 1541 1379 1600 Ephori,
1409 1558 1550 1600 quan·

71 1605 280 1649 ·.u1m
268 1621 313 1649 m
328 1607 397 1651 eis
415 1607 514 1662 fuit,
528 1617 670 1652 totam
700 1609 917 1652 civitatem
941 1610 1234 1666 perdiderunt.
1275 1612 1333 1654 Et
1353 1621 1550 1669 propter-

153 1674 343 1732 estquod
371 1674 450 1719 hic
474 1676 746 1735 magistratus
776 1686 867 1720 erat
896 1678 1131 1721 admodum
1163 1694 1363 1738 magnuS,
1384 1689 1430 1722 et
1448 1695 1551 1724 cum

154 1742 380 1800 tyrannide
410 1745 740 1802 comparandus,
776 1746 904 1788 etiam
939 1761 1064 1805 reges
1098 1762 1247 1791 eorum
1283 1748 1548 1792 benevolen-

153 1810 259 1854 tiam
293 1811 517 1856 blanditiis
552 1822 598 1856 et
624 1814 978 1858 assentationibus
1014 1816 1290 1874 popularibus
1325 1817 1548 1876 colligere,

152 1887 282 1938 atque
310 1882 517 1939 aucupari
538 1882 840 1940 cogebantur:
875 1883 1009 1941 usque
1039 1885 1148 1927 adeo
1178 1893 1228 1928 ut
1257 1885 1338 1928 hac
1373 1902 1550 1945 quoque

151 1956 272 2006 ponte
303 1949 545 2007 respublica
572 1949 864 2004 minueretur,
906 1951 1255 2012 detrimentoque
1292 1954 1547 2001 afficeretur.

151 2016 305 2082 Populi
340 2017 457 2061 enim
493 2026 743 2077 potentatus
778 2020 850 2062 seu
882 2020 1144 2064 democratia
1180 2037 1235 2065 ex
1269 2023 1546 2081 optimatium

148 2085 404 2164 principatu,
438 2086 524 2131 hoc
561 2088 636 2140 est,
671 2087 942 2140 aristocratia,
983 2090 1215 2134 exfistebat.
1277 2092 1545 2150 Reipublieae

148 2153 301 2197 stmm
337 2153 475 2213 igitur
507 2154 700 2198 continet
737 2154 810 2198 hic
846 2156 1132 2236 magistratus.
1195 2160 1390 2204 Quiescit
1427 2161 1544 2205 enim

148 2222 349 2281 populna,
387 2233 609 2282 propterea
643 2224 762 2283 quod
801 2225 978 2269 maximi
1019 2226 1185 2284 imperii
1222 2229 1279 2272 est
1318 2230 1545 2289 particePS.

148 2292 301 2351 Inque
320 2292 414 2336 five
421 2292 568 2336 latoris
594 2293 705 2351 legis
735 2295 924 2348 confilio,
946 2295 1028 2339 five
1056 2296 1237 2341 fortuito
1268 2299 1354 2343 hoc
1382 2301 1542 2356 evenit,

145 2360 391 2406 rationibus
412 2361 600 2405 civitatis
620 2362 841 2406 conducit.
901 2366 1090 2422 Oportet
1109 2366 1223 2410 enim
1249 2382 1344 2411 eam
1365 2370 1541 2428 reipub·

145 2427 242 2472 lice.
275 2428 617 2473 administrandae
650 2429 849 2484 formam,
885 2447 982 2489 quae
1018 2433 1066 2475 fit
1098 2433 1208 2477 salva
1239 2434 1399 2490 futura,
1431 2436 1544 2482 velle

145 2511 296 2542 omnes
313 2498 500 2542 civitatis
529 2509 668 2556 partes
697 2509 742 2543 et
773 2500 856 2543 effe
885 2510 930 2543 et
961 2516 1133 2545 manere
1153 2504 1338 2548 easdem.
1402 2508 1543 2566 Reges

143 2564 286 2625 iy‘tur
295 2576 468 2626 propter
485 2566 710 2621 honorem,
730 2584 818 2626 quo
839 2570 978 2612 ornati
1001 2571 1113 2625 sunt,
1134 2572 1195 2615 ita
1215 2574 1370 2617 animis
1398 2576 1540 2620 affecti

143 2634 268 2679 funt.
300 2635 462 2679 honesti
479 2645 626 2679 autem
645 2646 687 2679 et
709 2637 814 2680 boni
836 2637 931 2691 viri,
957 2648 1128 2696 propter
1153 2640 1405 2685 senatoriam
1434 2644 1537 2702 dig-

143 2703 342 2752 nitatem.
414 2704 641 2748 Praemium
681 2705 797 2748 enim
838 2706 1008 2749 virtutis
1046 2707 1118 2751 hic
1158 2710 1426 2768 magistratus
1462 2713 1536 2756 est.

144 2766 331 2831 Bupalus
347 2787 450 2816 vero
478 2782 650 2832 propter
677 2775 929 2833 Ephoriam,
957 2777 1068 2834 quafi
1101 2779 1367 2823 tribunatum
1400 2782 1538 2840 plebis

142 2840 256 2898 apud
286 2843 414 2887 Rom.
474 2844 540 2887 Ex
567 2843 771 2894 omnibus
799 2844 917 2887 enim
951 2845 1059 2890 fiunt
1090 2848 1269 2906 Ephori.
1327 2851 1392 2894 At
1420 2851 1536 2896 hune

789 2927 812 2954 p
833 2912 856 2956 f
871 2926 895 2958 2
