1898 3308
435 165 520 223 636,
588 216 593 225 Α
893 164 1387 221 ARISTOTELIS

432 286 508 343 qui
528 286 649 333 liberi
672 288 786 341 sunt,
807 287 947 337 multa
974 286 1084 332 facta
1112 302 1161 332 ac
1192 302 1381 339 munera,
1403 301 1501 344 quae
1530 285 1814 346 ministratum

433 355 600 411 propria
641 355 849 408 videntur,
882 355 1166 401 administrare
1205 363 1332 412 atque
1371 355 1520 398 obire:
1567 351 1811 413 1¹⁰¹³R²²eiss¹²

433 432 519 468 tam
543 439 616 483 per
632 425 672 468 se
694 425 894 469 differunt
912 425 1022 469 inter
1041 425 1081 467 se
1101 424 1288 468 affiones
1308 423 1361 466 ad
1379 422 1602 466 honestum
1621 432 1667 473 et
1681 420 1809 484 ipho-

432 492 612 546 nestum,
646 508 773 551 quam
807 493 889 538 fine
918 503 962 536 et
993 507 1047 536 eo
1082 492 1203 549 eujus
1232 492 1367 549 gratia
1391 491 1621 545 obeuntur.
1681 490 1809 544 Quo·

431 560 548 605 niam
577 568 718 606 autem
748 562 867 612 civis,
898 570 942 603 et
973 559 1253 617 magistratus,
1280 569 1324 601 et
1349 558 1602 616 optimivisi
1632 557 1810 622 eandem

434 628 633 672 virtutem
668 629 748 673 effe
781 629 993 671 dicimus:
1039 626 1225 670 eundem
1260 641 1383 683 porro
1416 635 1459 670 et
1494 624 1813 684 prius-Qp‘ortet

432 695 612 752 imperio
631 710 789 753 parere,
812 705 855 738 et
875 694 1077 752 posterius
1098 694 1302 752 imperare
1321 710 1333 736 ε
1365 694 1450 737 hoc
1473 693 1810 754 negotiu-{nsue-

432 763 488 809 rit
507 763 652 820 legum
673 763 862 819 scriptori
891 758 1122 820 diligenter
1142 761 1393 813 curandum,
1414 771 1460 804 et
1479 776 1571 819 quo
1585 760 1812 816 modqyiri

432 831 535 877 boni
558 831 673 882 fiant,
696 831 931 888 quibusque
961 829 1121 882 studiis,
1143 839 1187 873 et
1211 829 1305 886 quis
1327 829 1374 873 fit
1396 829 1494 873 vitae
1515 829 1810 887 optimffiprm

430 899 587 956 positus
620 899 730 942 finis.
789 900 902 943 Duae
931 907 1074 943 autem
1109 898 1239 941 animi
1273 908 1409 955 partes
1440 881 1809 968 distinQ‘vsuut‘:

431 983 615 1025 quarum
636 967 768 1011 altera
797 967 959 1010 ratione
987 966 1165 1024 praedita
1184 968 1240 1009 est
1260 981 1334 1024 per
1353 967 1410 1019 se,
1430 966 1560 1019 altera
1578 980 1664 1019 non
1682 965 1813 1013 habet

430 1035 505 1080 illa
523 1035 923 1094 quidem-rationem
955 1050 1028 1092 per
1059 1035 1115 1087 se,
1137 1035 1206 1079 sed
1237 1034 1388 1077 rationi
1409 1034 1700 1092 obtemperat}
1715 1046 1809 1091 ⁴po·-

431 1105 523 1148 test.
583 1106 730 1161 Atque
761 1105 910 1149 harum
942 1099 1074 1148 animi
1106 1103 1288 1161 partium
1312 1102 1490 1154 virtutes
1509 1117 1580 1146 eas
1600 1101 1812 1153 effudici*

354 1204 369 1221 χ
431 1186 543 1225 muS,
564 1187 616 1216 ex
644 1171 801 1229 quibus
833 1172 894 1215 vir
923 1172 1063 1217 bonus
1083 1170 1400 1228 quodammodo
1418 1169 1620 1223 dicitur-y,
1646 1171 1813 1223 Inutra

430 1250 575 1284 autem
608 1250 724 1297 parte
756 1240 897 1296 potius
933 1239 1026 1282 finis
1060 1238 1262 1290 confistat,
1294 1238 1319 1280 fi
1353 1232 1596 1295 quaeratur:
1627 1237 1809 1296 iisffqui-

429 1308 546 1358 dem,
567 1309 640 1366 qui
662 1308 849 1352 animum
872 1308 933 1353 ita
953 1308 1205 1364 partiuntur,
1226 1315 1276 1348 ut
1297 1305 1441 1363 partiri
1473 1306 1656 1358 dicimus
1670 1320 1810 1363 ,opor-

429 1385 549 1420 tere:
576 1392 678 1420 non
717 1377 773 1420 est
809 1377 1032 1421 obscurum
1072 1374 1291 1432 quomodo
1327 1371 1575 1430 respondere
1612 1373 1810 1426 debeant.

429 1445 605 1501 Semper
623 1445 737 1486 enim
760 1443 877 1501 quod
894 1443 1083 1486 deterius
1103 1443 1178 1494 est,
1197 1441 1287 1499 ejus
1308 1441 1426 1499 quod
1446 1441 1696 1495 meliuslest,⁴
1709 1458 1808 1500 gra-

428 1511 489 1554 tia
513 1513 585 1555 est.
646 1514 793 1569 Atque
822 1511 905 1559 hoc
933 1521 1104 1567 apparet
1134 1509 1317 1552 fimiliter
1335 1509 1379 1551 in
1400 1509 1452 1552 iis
1471 1510 1597 1561 rebus
1615 1525 1713 1568 quae
1732 1501 1808 1555 na-

428 1588 524 1624 tura
544 1579 698 1632 valent,
720 1592 848 1636 atque
867 1580 911 1622 in
932 1579 983 1624 iis
1003 1594 1098 1636 quae
1120 1587 1208 1621 arte
1236 1576 1438 1621 constant.
1498 1579 1561 1628 At
1588 1593 1690 1635 quaa
1715 1592 1811 1636 paru

427 1647 560 1695 animi
595 1649 757 1691 ratione
797 1647 969 1705 praedita
1003 1648 1076 1698 est,
1113 1646 1262 1688 melior
1295 1661 1344 1688 ea
1382 1647 1439 1688 est
1475 1661 1572 1704 quae
1608 1662 1692 1692 non
1732 1649 1807 1693 est..-

427 1717 620 1762 Rationis
654 1732 777 1774 porro
810 1716 907 1760 duae
940 1717 1035 1759 sunt
1068 1724 1221 1772 partes,
1245 1728 1332 1772 quo
1365 1715 1495 1757 modo
1527 1730 1603 1767 nos
1630 1715 1808 1773 quidem

425 1786 613 1829 dividere
647 1785 970 1830 consuevimus:
1008 1784 1138 1827 altera
1173 1784 1287 1826 enim
1323 1783 1364 1827 in
1401 1782 1573 1841 agendo
1608 1785 1808 1837 versatur,

425 1854 557 1897 altera
594 1854 638 1897 in
678 1852 1021 1910 contemplando.
1098 1851 1315 1896 Quoniam
1364 1850 1496 1909 igitur
1543 1851 1706 1895 necesse
1751 1853 1809 1898 est

427 1921 615 1964 afflones
644 1922 698 1964 ad
723 1921 906 1964 eundem
938 1919 1115 1973 modum
1146 1919 1227 1962 effe
1256 1919 1421 1971 divisas,
1440 1915 1805 1976 quemadmodum

427 2005 479 2032 ea
497 2005 679 2046 quorum
710 1990 803 2031 sunt
833 1989 1036 2040 afflones,
1065 1988 1195 2033 divisa
1223 1989 1346 2031 sunt:
1378 1981 1488 2031 hanc
1511 1999 1652 2039 autem
1675 1989 1807 2038 animi

427 2067 588 2114 partem
623 2058 682 2102 ita
712 2066 877 2114 oportet
907 2056 986 2099 effe
1015 2056 1204 2107 divisam,
1236 2056 1394 2100 scilicet
1426 2066 1470 2099 et
1499 2057 1649 2101 harum
1680 2057 1808 2115 partia

311 2132 410 2188 291
429 2125 561 2169 animi
581 2126 760 2183 partium
790 2125 976 2168 affliones
996 2140 1048 2167 ex
1070 2124 1342 2181 proportione
1372 2125 1482 2167 inter
1501 2124 1540 2170 se
1561 2125 1808 2182 respondere

416 2194 621 2247 dicemus
638 2209 648 2235 :
680 2202 724 2236 et
744 2194 871 2250 partis
891 2192 1021 2235 animi
1043 2191 1231 2235 melioris
1250 2192 1439 2236 affiones
1458 2192 1590 2237 etiam
1611 2191 1806 2244 meliores

426 2261 506 2304 effe
539 2262 698 2305 necesse
731 2262 805 2312 est,
841 2261 893 2305 iis
928 2260 1000 2318 qui
1035 2259 1198 2316 poffunt
1233 2259 1403 2317 assequi,
1438 2259 1504 2303 vel
1539 2275 1705 2313 omues,
1738 2261 1805 2305 vel

427 2329 547 2373 duas.
610 2323 786 2387 Semper
816 2329 930 2373 enim
963 2328 1045 2371 hoc
1075 2328 1231 2385 cuique
1261 2329 1316 2370 est
1348 2327 1662 2385 optatifflmum,
1687 2328 1806 2384 quod-
1876 2322 1885 2328 i

425 2399 480 2441 ad
501 2398 750 2454 potiendum
772 2398 828 2439 est
849 2398 1078 2447 summurn,
1100 2396 1349 2453 summoque
1377 2396 1418 2437 in
1449 2395 1585 2454 gradu
1605 2396 1798 2454 positum.

425 2465 570 2508 Divisa
589 2474 732 2509 autem
754 2464 893 2508 omnis
915 2464 998 2505 vita
1018 2464 1072 2504 est
1095 2464 1136 2504 in
1160 2463 1381 2520 negotium
1402 2472 1446 2505 et
1467 2461 1620 2515 otium,
1639 2462 1802 2508 bellum

425 2542 471 2575 et
490 2547 668 2590 pacem:
700 2541 791 2574 tum
824 2546 966 2574 earum
998 2546 1136 2573 rerum
1170 2545 1267 2588 quae
1295 2530 1339 2575 in
1369 2531 1579 2576 actionem
1610 2530 1800 2584 veniunt,

424 2601 517 2643 aliae
552 2601 647 2644 sunt
678 2600 912 2643 neceffariae
946 2608 989 2641 et
1025 2599 1167 2649 utiles,
1202 2598 1295 2641 aliae
1326 2598 1536 2643 honestae:
1568 2597 1612 2640 in
1643 2597 1799 2655 quibus

423 2669 570 2711 eadem
591 2668 843 2711 adhibeatur
862 2667 1014 2709 elefflo
1036 2666 1195 2708 necesse
1214 2657 1287 2719 est,
1307 2675 1434 2723 atque
1453 2666 1496 2708 in
1517 2665 1650 2711 animi
1669 2665 1797 2722 parti-

421 2736 503 2779 bus
522 2750 752 2794 earumque
778 2734 1042 2778 actionibus:
1074 2748 1226 2790 nempe
1259 2742 1308 2775 ut
1339 2733 1498 2778 bellum
1526 2732 1640 2790 pacis
1658 2734 1798 2791 gratia

420 2803 691 2861 suscipiatur:
724 2802 964 2860 negotium,
986 2803 1091 2845 otii:
1122 2801 1346 2846 neceffaria
1370 2811 1419 2851 ete
1441 2800 1578 2854 utilia,
1599 2800 1794 2845 honesto-
