1898 3308
369 97 457 155 690
804 62 1305 144 ARISTOTELIS

366 226 460 262 rent
479 219 563 263 hoc
592 220 855 279 Reipublicae
875 237 975 266 cum
996 222 1171 266 foenore.
1229 221 1378 266 Existit
1396 228 1539 265 autem
1557 217 1630 261 hic
1648 216 1760 283 Q-‚

367 287 505 331 &us
493 302 536 330 1n
569 288 744 347 regione
773 289 943 334 illorum
975 290 1184 349 copiosus.
1242 290 1358 334 Cum
1386 290 1519 347 igitur
1535 287 1599 333 ita
1617 286 1738 332 co'm-

366 354 612 399 modaretur
641 356 799 435 oleum,
826 358 1047 402 conductis
1078 357 1258 416 navigiis
1283 355 1547 415 evehendum
1567 351 1707 410 illud
1692 369 1740 399 m

365 438 416 465 ea
434 422 528 467 loca
547 433 762 479 curarunt,
782 425 827 468 in
853 425 1009 484 quibus
1039 425 1129 468 fora
1158 412 1476 478 exercebantur,
1504 424 1619 468 unde
1645 413 1738 468 Q-

364 499 557 535 mentum
586 492 681 550 ipfis
709 491 895 545 advenit,
918 492 1097 550 pignore
1124 491 1226 535 dato
1253 492 1338 535 olei
1365 493 1516 551 pretio.
1577 490 1760 535 Militi-'

364 559 445 602 bus
465 574 562 603 cum
583 560 789 604 deberent
806 559 995 617 stipendii
1016 556 1191 602 nomine
1211 559 1520 617 quadringenta
1544 567 1590 603 et
1613 559 1737 605 oeco-

363 625 486 684 ginta
505 627 697 681 sestertia,
718 641 858 684 neque
876 626 1038 684 poffent
1056 625 1288 680 dissolvere,
1309 627 1432 669 annis
1455 624 1628 686 singulis
1653 626 1738 686 foe:

363 708 445 737 nus
472 695 713 753 pendebant
732 693 913 737 ducibus
940 693 1120 737 sestertia
1144 694 1377 753 nonaginta
1406 702 1450 737 et
1478 693 1564 737 sex.
1622 693 1742 749 Quia

364 776 462 804 vero
480 762 564 805 hoc
581 762 704 819 pacto
723 761 776 805 de
795 761 902 804 sorte
922 761 1031 805 nihil
1050 761 1300 815 decedebat,
1319 770 1364 805 et
1382 761 1572 819 sumptus
1599 760 1740 806 facere

362 829 509 873 frustra
538 830 610 888 ipsi
641 830 890 889 pergebant,
921 829 1207 888 percusserunt
1234 845 1459 874 nummum
1477 829 1661 874 ferreum
1684 829 1739 874 ad

361 898 544 955 argenti'
567 897 793 951 rationem,
836 897 1111 943 sestertiorum
1158 897 1566 956 quadringentorum
1613 898 1738 942 osto-

360 966 498 1022 ginta.
558 966 684 1010 Hanc
713 965 867 1009 deinde
899 966 1121 1024 pecuniam
1154 965 1314 1009 dabant
1342 965 1663 1024 opulentiffi'mis
1690 966 1736 1009 in

361 1031 549 1086 civitate,
569 1047 646 1090 pro
674 1047 727 1075 eo
757 1041 886 1090 atque
913 1032 1239 1077 consentaneum
1265 1041 1355 1075 erat
1382 1031 1555 1090 cuique,
1575 1039 1620 1075 et
1637 1039 1736 1076 tan-

361 1099 539 1142 tundem
560 1100 615 1142 ab
635 1100 696 1143 eis
715 1100 974 1157 recipiebant
1002 1099 1184 1158 argenti.
1242 1099 1473 1143 Habebant
1495 1099 1630 1158 igitur
1647 1099 1735 1159 pri-

363 1167 446 1209 vati
467 1168 583 1225 quod
601 1168 646 1210 in
660 1168 930 1225 quotidianos
949 1167 1047 1211 usus
1064 1167 1373 1225 impenderent,
1392 1175 1439 1210 et
1456 1167 1606 1210 debito
1622 1167 1736 1211 libe-

247 1239 348 1280 358
363 1243 453 1278 rata
470 1235 551 1278 fuit
570 1236 735 1279 civitas.
791 1236 963 1279 Deinde
980 1250 1033 1278 ex
1053 1235 1333 1293 vectigalibus
1353 1243 1398 1278 et
1415 1234 1552 1278 foenus
1576 1226 1736 1294 pende'-

362 1303 465 1346 bant
483 1302 585 1356 illis,
605 1312 649 1346 et
670 1303 900 1347 dividendo
919 1304 1079 1360 semper
1102 1318 1178 1361 pro
1197 1311 1314 1360 parte
1335 1303 1407 1347 sua
1425 1303 1580 1362 cuique
1598 1303 1737 1347 distri-

357 1371 563 1425 buebant,
584 1372 865 1430 nummosque
884 1372 1040 1414 ferreos
1065 1371 1342 1429 recipiebant.

413 1438 667 1497 Selybriani,
688 1438 731 1481 in
752 1438 1027 1496 pecuniarum
1046 1437 1205 1495 inopia,
1224 1452 1325 1482 cum
1338 1437 1409 1481 lex
1423 1437 1523 1487 effet
1540 1455 1552 1482 ε
1572 1453 1627 1483 ne
1644 1438 1737 1483 fru-

358 1514 553 1548 mentum
575 1514 866 1564 exportaretur
882 1504 1006 1548 famis
1033 1513 1241 1562 tempore,
1261 1513 1402 1548 vetere
1420 1505 1504 1549 illis
1522 1506 1738 1551 frumento

357 1573 540 1631 reliquo,
577 1574 727 1617 scitum
766 1573 962 1617 fecerunt
979 1588 989 1614 ε
1034 1572 1196 1616 tradere
1232 1573 1418 1631 privatos
1453 1573 1608 1617 debere
1643 1574 1736 1617 frn-

356 1650 502 1684 menta
519 1641 591 1685 sua
607 1641 853 1699 reipublicae
881 1640 1016 1698 pretio
1035 1641 1278 1694 constitum,
1295 1641 1347 1684 fic
1371 1648 1419 1683 ut
1437 1641 1614 1700 quisque
1632 1641 1735 1685 reti·-

358 1718 477 1752 neret
496 1709 655 1752 vietum
676 1709 753 1752 fibi
771 1708 897 1751 unius
917 1708 1033 1752 anni.
1094 1709 1235 1752 Postea
1252 1709 1461 1757 evehendi
1488 1710 1734 1768 potestatem

356 1777 550 1821 fecerunt
578 1776 740 1822 volenti
771 1776 998 1821 constituto
1032 1776 1186 1835 preti0,
1213 1777 1330 1835 quod
1359 1792 1529 1835 aequum
1556 1777 1734 1823 videba-

290 1901 295 1903 ‚
359 1855 446 1890 tur.

411 1914 629 1973 Abydeni,
664 1914 780 1972 quod
817 1923 926 1958 terra
959 1913 1144 1972 ipsorum
1176 1914 1252 1972 per
1287 1912 1537 1956 seditionem
1570 1912 1736 1959 inculta

353 1982 468 2035 esset,
507 1998 646 2040 neque
682 1982 910 2041 quicquam
949 1981 1129 2039 amplius
1171 1981 1517 2038 impendentibus
1565 1982 1733 2036 incolis,

353 2060 574 2108 propterea
603 2051 719 2108 quod
747 2051 829 2094 alia
857 2050 998 2093 adhuc
1031 2048 1300 2102 deberentur,
1327 2050 1477 2093 scitum
1499 2050 1730 2095 fecerunt:

355 2119 447 2163 Qui
481 2120 706 2177 pecuniam
739 2126 933 2161 mutuam
970 2117 1146 2161 dedisset
1177 2118 1394 2176 agricolis,
1425 2125 1475 2160 ut
1504 2132 1613 2176 opus
1644 2118 1733 2162 ruri

353 2185 558 2238 facerent,
581 2200 680 2228 eum
704 2185 917 2243 percipere
941 2184 1102 2228 fructus
1133 2193 1254 2227 natos
1282 2185 1468 2242 primum
1498 2185 1670 2240 debere,
1690 2194 1736 2230 et

354 2262 531 2299 caeteros
552 2269 602 2296 ea
621 2253 796 2296 demum
817 2268 914 2311 quae
935 2251 1098 2311 reliqua
1117 2252 1304 2296 fuifl'ent.

410 2322 575 2379 Ephesii
604 2335 702 2364 cum
732 2320 914 2379 pecunia
935 2320 1190 2378 indigerent,
1210 2320 1402 2363 tulerunt
1423 2319 1596 2378 legem:
1627 2322 1731 2365 Non

351 2390 480 2433 licere
509 2399 558 2432 ut
588 2390 788 2432 mulieres
818 2404 966 2431 aurum
992 2389 1217 2447 gestarent,
1238 2388 1443 2447 quicquid
1463 2403 1517 2432 eo
1538 2381 1730 2448 tempore

351 2457 443 2501 auri
477 2458 698 2510 haberent,
735 2457 780 2499 id
816 2465 865 2499 ut
899 2455 1220 2499 commodarent
1254 2455 1432 2499 civitati.
1492 2457 1732 2500 Constituta

350 2526 480 2568 etiam
513 2525 678 2583 argenti
708 2524 1013 2582 summa‚rquae
1043 2533 1347 2579 numeraretur,
1377 2523 1651 2582 permiserunt
1678 2533 1730 2567 ut

349 2591 392 2632 in
427 2592 577 2648 templi
608 2590 835 2643 columnis,
867 2606 1022 2634 nomen
1052 2591 1142 2650 ejus
1168 2592 1243 2650 qui
1271 2601 1497 2650 argentum
1518 2591 1625 2635 illud
1645 2607 1730 2635 nu·-

348 2659 555 2712 meraffet,
577 2669 779 2717 tanquam
806 2659 913 2716 ejus,
940 2659 1016 2717 qui
1048 2659 1164 2702 illam
1195 2659 1477 2714 consecrasset,
1499 2659 1728 2717 perscribe·
1762 2662 1767 2667 ’

348 2737 478 2770 retur.
