1898 3308
361 227 459 274 DE
488 229 918 274 REPUBLICA
961 229 1069 274 VII.
1103 241 1174 272 11.
1373 226 1455 282 627

271 366 465 415 ¹{manem
485 361 530 397 et
563 353 800 411 publicam,
830 352 1008 395 alteram
1038 366 1138 395 vero
1171 350 1383 408 propriam
1413 357 1460 392 et

20 422 24 430 ’
75 425 79 428 ’
138 466 142 467 ⁷
176 421 270 484 tum
286 437 302 465 =
330 430 377 465 et
393 420 547 465 harum
579 422 765 480 partium
795 430 1024 478 utramque
1043 396 1182 462 rursus
1203 419 1359 462 sectam
1378 416 1461 461 effe

7 534 27 550 A
261 518 278 547 ³.
297 497 349 532 ut
375 489 562 547 publicae
592 489 722 547 partis
751 489 883 532 altera
914 502 1011 546 pars
1039 486 1083 529 in
1114 486 1280 544 piorum
1304 501 1458 528 mune-

22 542 166 606 mnf
179 552 422 600 funfflones
443 565 488 600 et
507 557 650 600 cultus
670 557 847 600 deorum
875 556 1142 599 conferatur.
1173 553 1336 596 altera
1326 569 1370 595 1n
1393 554 1459 596 so-

0 568 49 681 ἑ
61 607 214 677 &fitia
239 631 284 667 et
310 625 487 683 publica
517 626 709 669 convivia
741 626 1003 669 insumatur·
1036 622 1168 682 partis
1198 623 1462 680 privatorum

0 686 34 756 ᾗ,
62 697 160 748 pars
179 691 312 736 altera
331 693 462 752 polita
481 694 559 737 fit·
549 710 592 737 1n
614 694 816 738 extremis
842 694 977 737 totius
1006 693 1100 751 agri
1130 691 1305 744 finibus,
1332 690 1463 733 altera

3 783 29 854 ὲ
65 756 115 802 fit
151 759 407 815 suburbana,
446 771 498 806 ut
535 763 650 806 binis
686 762 956 820 portionibus
995 760 1230 819 unicuique
1270 758 1461 811 tributis,

58 834 216 872 'omnes
237 829 454 888 utriusque
471 830 558 875 loci
579 831 656 874 fint
679 831 938 889 participes:
972 830 1026 874 fic
1054 830 1170 873 enim
1200 837 1246 871 et
1280 826 1462 886 aequitas

8 895 23 960 ἦ
55 893 308 956 justitiaque
328 898 529 961 servatur,
549 909 595 942 et
626 900 759 958 major
779 900 835 942 est
854 899 1015 942 civium
1034 895 1089 941 ad
1108 897 1222 942 bella
1242 912 1342 940 cum
1363 894 1461 938 fini-

63 962 184 1021 timis
215 964 402 1025 suscepta
432 967 674 1011 concordia.
735 969 853 1010 Nam
886 967 960 1010 ubi
993 981 1080 1009 non
1122 967 1170 1009 fit
1207 966 1293 1008 hoc
1327 964 1462 1007 modo

65 1030 323 1088 distributio,
343 1034 415 1078 alii
436 1035 614 1094 quidem
635 1035 957 1079 inimicitiarum
989 1050 1088 1077 cum
1118 1033 1311 1076 finitimis
1333 1031 1461 1075 susci·
1477 1032 1583 1076 280

50 1098 318 1160 'piendamm
351 1103 485 1147 securi
515 1104 640 1148 sunt:
672 1103 745 1146 alii
779 1104 834 1147 de
865 1103 916 1147 iis
949 1103 1077 1146 nimis
1112 1102 1280 1146 solliciti
1311 1111 1466 1159 praeter

0 1208 6 1211 ,
66 1168 291 1214 honest'um
320 1187 372 1216 ac
401 1171 607 1216 decorum
637 1172 847 1216 laborant.
908 1173 1183 1230 Quapropter
1209 1169 1322 1228 apud
1352 1185 1464 1212 non-

17 1299 19 1301 ·
69 1239 213 1284 nullos
232 1240 304 1285 lex
323 1242 398 1296 est,
420 1257 474 1286 ne
493 1242 568 1301 qui
590 1242 722 1286 vicini
754 1242 849 1285 sunt
879 1241 1090 1294 finitimis,
1115 1239 1401 1282 adhibeantur
1421 1239 1466 1281 in

67 1306 114 1351 id
146 1309 382 1364 confilium,
404 1310 447 1354 in
478 1326 568 1369 quo
598 1311 742 1369 agitur
769 1310 823 1353 de
854 1309 972 1353 bello
1001 1309 1063 1352 eis
1098 1307 1335 1360 inferendo,
1367 1315 1466 1350 tan-

27 1385 29 1387 ’
67 1392 199 1437 quam
220 1387 392 1437 propter
410 1387 578 1422 metum
609 1388 653 1422 et
684 1394 830 1422 curam
862 1393 1004 1421 rerum
1036 1377 1295 1436 privatarum
1319 1375 1467 1419 minus

68 1445 186 1491 reae
216 1448 452 1494 consultare
484 1448 650 1506 poffint.
712 1449 882 1506 Agrum
917 1447 1052 1506 igitur
1084 1445 1145 1490 ita
1173 1445 1355 1488 divisum
1386 1445 1468 1488 effe

66 1514 231 1560 neceffe
260 1517 318 1560 est
350 1526 523 1575 propter
555 1532 628 1560 eas
662 1517 822 1569 causas,
854 1532 952 1574 quae
987 1524 1086 1558 ante
1119 1514 1317 1573 expofitae
1353 1513 1465 1556 sunt.

66 1585 154 1628 Eos
171 1594 316 1629 autem
338 1585 412 1644 qui
435 1601 589 1644 agrum
621 1585 782 1638 colent,
806 1585 991 1627 maxime
1019 1583 1196 1643 quidem
1227 1582 1466 1640 optandum

69 1653 144 1710 est,
165 1653 193 1696 fi
213 1662 359 1712 optare
380 1654 445 1698 fas
472 1655 529 1697 est
558 1663 606 1697 ut
633 1654 736 1697 servi
758 1654 851 1706 sint,
874 1668 1014 1710 neque
1034 1667 1185 1695 omnes
1204 1652 1335 1694 unius
1355 1666 1464 1709 gen-

67 1721 142 1776 tis,
162 1737 302 1782 neque
321 1722 492 1766 animofi
515 1740 525 1765 :
559 1723 612 1766 fic
646 1723 762 1766 enim
795 1730 840 1765 et
868 1722 921 1765 ad
949 1736 1058 1779 opus
1082 1721 1282 1765 rusticum
1304 1720 1469 1765 faciem,

69 1791 178 1836 dum
205 1791 368 1836 fuerint
398 1791 543 1845 utiles,
567 1800 611 1834 et
640 1791 921 1834 metuendum
953 1805 1039 1833 non
1059 1790 1107 1833 fit
1127 1805 1181 1832 ne
1203 1789 1306 1847 quid
1325 1804 1464 1832 rerum

70 1875 276 1904 novarum
296 1861 558 1904 moliantur:
591 1860 710 1919 quod
732 1860 756 1902 fi
779 1860 864 1903 hoc
883 1875 969 1902 non
990 1859 1232 1918 contingat,
1253 1866 1298 1902 at
1317 1867 1368 1901 ut
1387 1858 1468 1902 fint

69 1929 231 1974 accolae
259 1929 444 1983 barbari,
474 1929 597 1972 fimili
630 1929 808 1988 ingenio
839 1928 1024 1987 praediti,
1054 1937 1186 1986 atque
1215 1927 1466 1986 superiores».

69 1999 220 2057 Atque
247 2012 303 2042 ex
331 1997 398 2040 his
429 1997 525 2040 sane
556 1996 590 2040 ii
621 1997 799 2055 quidem
828 1997 904 2055 qui
935 1997 1122 2055 privatos
1150 2011 1278 2055 agros
1306 1996 1468 2048 colent,

17 2111 24 2115 ,,
67 2065 225 2124 privati
243 2073 290 2110 et
307 2065 466 2125 proprii
486 2066 564 2108 fint
593 2075 762 2123 oportet
791 2080 940 2108 eorum
973 2065 1048 2123 qui
1080 2065 1196 2107 bona
1226 2063 1467 2122 poffidenti

68 2133 124 2176 iis
142 2148 258 2188 vero,
275 2133 356 2193 qui
375 2148 630 2178 communes
647 2143 692 2176 et
710 2133 925 2192 publicos,
947 2147 1199 2176 communes
1219 2141 1264 2175 et
1285 2132 1467 2190 publici.

70 2202 308 2248 Quomodo
327 2211 471 2247 autem
492 2201 619 2247 servis
640 2202 849 2246 utendum
880 2203 942 2256 fit,
965 2210 1009 2245 et
1037 2202 1319 2260 quamobrem
1342 2201 1469 2245 servis

69 2272 271 2317 omnibus
302 2272 512 2316 libertatis
530 2273 770 2330 praemium
803 2271 884 2316 effe
918 2271 1179 2330 propositum
1215 2270 1373 2314 melius
1403 2271 1468 2324 fit,

56 2340 272 2399 ”posterius
290 2355 572 2400 exponemus,

663 2447 868 2480 4-

630 2549 719 2595 CA
741 2550 787 2593 P.
828 2550 912 2592 XI.

428 2665 589 2724 Defitu
606 2665 733 2718 urbis,
754 2672 792 2707 et
810 2663 1002 2707 moenibus
1022 2663 1118 2723 qjus.

132 2740 348 2810 URBEM
375 2771 502 2815 porro
532 2744 654 2799 terrae
685 2754 951 2799 continentis
980 2753 1176 2813 quidem,
1198 2760 1242 2795 et
1275 2752 1404 2797 maris
1429 2759 1475 2796 et

75 2823 171 2884 agri
199 2825 334 2870 totius
363 2825 568 2879 fimiliter,
600 2833 810 2883 quantum
842 2823 927 2866 loci
963 2831 1114 2865 natura
1144 2820 1321 2879 patitur,
1350 2835 1473 2863 com-

80 2906 259 2939 munem
279 2894 359 2939 effe
378 2902 589 2953 oportere,
611 2892 734 2952 supra
762 2891 1095 2936 demonstratum
1115 2890 1206 2955 est..
1250 2888 1352 2948 Ejus
1375 2903 1475 2933 vero

717 2975 739 3004 s
761 2976 780 3005 s
802 2974 827 3005 2

8 3218 50 3308 {nt-,s

1614 2563 1689 2602 XI.
