1898 3308
19 758 49 773 ’,ι

20 778 41 812 ²⁴?

2 1393 21 1460 ⁷1>
0 1251 28 1373 ‚way-ag
17 1158 30 1174 ,ι

487 165 598 212 DE
611 158 1055 210 R'EPUBLICA
1091 168 1149 212 V.
1183 180 1251 211 10.
1470 167 1558 226 565

151 272 431 348 *w
438 271 830 349 jfflh'civitatibus.
861 287 956 332 ali'ae
975 296 1074 331 ante
1093 288 1170 332 has
1188 303 1242 333 ex
1261 283 1437 349 regibus
1461 305 1559 334 mo-

48 402 65 407 ,
146 339 503 416 ffl‘fihffitmi
512 356 823 417 migrantibus,
857 370 908 400 ac
941 355 1213 411 violantibus,
1246 367 1291 401 et
1324 359 1558 417 imperium

146 420 274 484 Ἷῆἱᾶ
286 420 418 484 justo
435 420 574 469 fietile
604 425 1017 490 concupiscentibuS,
1051 423 1323 469 exstiterunt·
1356 427 1465 481 aliae',
1501 443 1558 472 ex

145 486 398 552 miquibus
413 490 631 547 electione
643 491 837 538 adhibita
859 490 1037 536 summae
1062 493 1327 537 auetoritatis
1354 509 1406 538 ac
1433 505 1555 553 pote-

146 555 285 605 m
308 559 580 621 magistratus
614 560 804 605 mandati
836 560 1035 604 fuerant:
1077 561 1181 604 olim
1219 561 1334 604 enim
1375 577 1557 607 munera

141 626 351 692 wiht*
371 636 419 674 et
454 629 702 690 reipublicae
747 630 1067 698 procurationes
1113 629 1332 673 faciebant
1380 631 1552 675 diutur-

143 694 338 754 ¹ffl.·
350 691 472 752 aliaef,
491 702 544 743 e'x
562 696 812 758 oligarchiis
831 704 982 743 uuum‘
991 691 1176 757 aliquem
1196 699 1394 742 summi
1383 700 1552 757 imperii

146 750 429 837 fflfflom
428 763 496 811 fid
526 766 738 811 maximos
767 765 1031 826 magistratus
1061 780 1136 826 per
1165 767 1421 811 electionem
1451 782 1551 826 pro-

142 829 450 881 milibus.
509 832 598 879 His
616 835 732 879 enim
753 835 902 878 modis
914 835 1133 888 onmibus,
1153 835 1391 894 tyrannidis
1420 850 1552 879 occu-

143 895 326 962 pffloe
333 902 406 961 (fi
413 900 571 949 modo
589 904 767 959 vellent)
805 905 1052 949 facultatem
1092 905 1280 949 habent.
1322 906 1429 964 quia
1458 906 1553 949 aliis

139 964 339 1032 'potestas
357 982 449 1018 erat
467 973 609 1018 delata
636 973 803 1032 imperii
823 974 950 1032 regii,
972 974 1082 1027 aliis,
1103 974 1307 1017 honoris.
1345 975 1551 1033 (exempli

143 1042 314 1102 gratia)
337 1043 501 1086 Phidon
523 1043 671 1103 Argis,
702 1051 747 1086 et
776 1043 866 1096 alii,
890 1057 991 1086 cum
1019 1058 1202 1102 regnum
1235 1043 1350 1096 effet,
1379 1041 1550 1102 tyranni

143 1103 403 1155 evaserunt:
433 1111 510 1169 qui
540 1125 640 1154 vero
670 1111 714 1154 in
743 1111 865 1154 Ionia
889 1110 1078 1164 fuerunt,
1099 1120 1143 1155 et
1164 1111 1367 1165 Phalaris,
1389 1126 1442 1154 ex
1462 1112 1547 1155 ho-

139 1178 336 1224 'noi-ibus
368 1180 485 1239 regis
517 1179 572 1223 ad
605 1180 875 1238 tyrannidem
914 1179 1081 1223 aditum
1120 1180 1192 1223 fibi
1232 1190 1548 1238 compararunt.

138 1243 373 1296 Panaenus
400 1256 544 1303 autem
565 1248 679 1307 apud
700 1248 950 1300 Leontinos,
970 1259 1014 1291 et
1036 1248 1244 1306 Cypselus
1266 1248 1482 1301 Corinthi,
1504 1259 1549 1293 et

137 1314 386 1361 ‘Pitistratus
414 1309 624 1371 Athenis,
640 1326 685 1360 et
711 1314 942 1376 Dionysius
967 1317 1194 1376 Syracusis,
1216 1325 1261 1360 et
1291 1316 1363 1360 alii
1393 1318 1547 1362 eodem

139 1383 304 1439 inodo,
328 1401 383 1430 ex
408 1382 570 1430 blando
599 1386 747 1444 populi
778 1385 940 1429 duStu:
980 1386 1301 1444 (demagogiam
1333 1386 1548 1444 appellant

71 1468 73 1470 ·
133 1448 316 1511 ’(ἳέὼοῇζ
334 1458 471 1514 qu'am
467 1453 752 1500 tribunatum
780 1454 919 1513 plebis
948 1455 1110 1498 dicere
1119 1455 1257 1510 licet)
1321 1454 1545 1498 Quemad-

136 1513 333 1567 ‘mdd‘n'm
352 1523 488 1582 igitur
505 1521 708 1577 diximus,
729 1537 912 1582 regnum
941 1522 1136 1580 proxime
1163 1521 1217 1565 ad
1247 1520 1546 1565 aristocratiam

98 1599 103 1603 '
136 1584 302 1636 'didm'e
315 1590 505 1636 accedit.
563 1593 680 1635 Nam
707 1601 782 1635 aut
809 1607 864 1634 ex
891 1591 1104 1649 dignitate
1129 1591 1201 1644 est,
1222 1599 1296 1634 aut
1314 1605 1368 1633 ex
1387 1590 1547 1634 virtute

150 1659 222 1704 vel
239 1659 422 1720 propria,
441 1660 510 1705 vel
534 1660 722 1719 generis,
741 1668 815 1703 aut
834 1674 888 1703 ex
905 1659 1124 1703 beneficiis
1142 1673 1193 1702 ac
1213 1659 1378 1702 meritis
1406 1659 1452 1702 in
1480 1659 1545 1702 ci-

150 1728 346 1784 vitatem,
381 1738 459 1773 aut
491 1738 544 1772 ex
578 1729 647 1772 his
680 1729 884 1772 omnibus
923 1743 1022 1771 cum
1059 1728 1251 1786 potentia
1284 1728 1543 1786 conjunctis.

134 1799 320 1843 'Omnes
348 1798 466 1850 enim
496 1799 608 1842 bene
626 1797 771 1841 meriti
797 1798 852 1841 de
882 1796 1141 1851 civitatibUS,
1159 1806 1234 1840 aut
1252 1795 1327 1855 qui
1349 1806 1546 1855 poterant

150 1865 208 1911 de
239 1862 488 1912 civitatibus
515 1876 592 1912 'aut
621 1867 826 1924 gentibus
856 1867 967 1910 bene
997 1866 1166 1918 mereri,
1191 1866 1308 1908 hunc
1337 1866 1543 1910 honorem

133 1931 546 1994 ‘consaluebantun
590 1935 678 1988 alii,
716 1934 934 1993 prohibito
966 1950 1016 1979 ac
1052 1935 1228 1993 depulso
1263 1950 1339 1993 per
1375 1935 1543 1979 bellum

145 1998 363 2054 seruitutis
394 2003 601 2062 periculo,
642 2011 694 2046 ut
734 2002 933 2046 Codrus:
969 2003 1058 2056 alii,
1094 2003 1231 2061 patria
1264 2004 1459 2057 liberata,
1493 2012 1544 2047 ut

148 2067 316 2132 Cyrus:
347 2072 437 2126 alii,
452 2070 533 2116 'aut
551 2072 658 2116 urbe
676 2071 866 2125 condita,
886 2081 962 2115 aut
982 2071 1227 2130 propagatis
1255 2071 1423 2130 imperii
1445 2073 1542 2115 fini-

83 2159 90 2167 ·
128 2137 246 2196 ⁷b'us,
267 2141 463 2201 agrisque
481 2139 578 2183 latis
597 2154 647 2183 ac
666 2139 934 2199 longinquis,
956 2140 1036 2183 five
1061 2139 1289 2198 provinciis
1309 2140 1424 2184 bello
1443 2157 1541 2200 par-

129 2204 606 2268 ‘tis,'quemadmodum
636 2207 1081 2261 Lacedaemoniorum,
1102 2216 1146 2251 et
1165 2209 1475 2264 Macedonum,
1497 2219 1543 2254 et

145 2273 430 2322 M'olofforum
446 2290 587 2336 reges.
645 2276 831 2320 Videtur
849 2285 993 2319 autem
1013 2291 1087 2319 rex
1108 2277 1244 2319 custos
1264 2276 1346 2320 effe
1370 2288 1539 2332 natura,

125 2352 134 2357 ⁴
145 2354 198 2390 ut
214 2345 248 2389 ii
266 2345 539 2404 quidem-qui
558 2344 782 2389 facultates
802 2355 846 2388 et
866 2345 1009 2403 copias
1039 2345 1201 2388 habent
1219 2345 1279 2388 rei
1299 2345 1536 2401 familiaris,
1552 2357 1583 2398 2
1595 2358 1615 2399 1
1626 2360 1659 2399 0

145 2413 266 2459 nulla
283 2414 436 2474 injuria
451 2413 688 2458 afficiantur
706 2431 716 2456 ε
749 2413 933 2472 populus
953 2427 1054 2458 vero
1078 2421 1123 2456 et
1152 2413 1388 2457 multitudo
1407 2416 1537 2460 nullis

124 2483 440 2528 'contumeliis
466 2491 660 2527 vexetur.
718 2482 931 2541 Tyrannis
978 2497 1120 2540 porro,
1167 2483 1535 2541 quemadmodum

143 2553 434 2612 saepenumero
450 2551 616 2596 dictum
635 2552 709 2606 est,
730 2551 840 2594 nihil
860 2566 1094 2595 commune
1122 2549 1305 2610 spec-iat:
1337 2551 1408 2595 sed
1435 2568 1534 2597 om-

143 2619 217 2666 nia
244 2621 418 2680 privatae
450 2620 650 2664 utilitatis
679 2620 801 2663 causa
829 2619 947 2663 facit.
1007 2620 1268 2678 Propositum
1300 2630 1445 2664 autem
1476 2623 1536 2666 est

126 2687 327 2750 tyranno
357 2689 535 2749 quidem
556 2689 820 2750 jucundum,
852 2689 946 2748 regi
977 2704 1077 2732 vero
1108 2689 1348 2734 honestum.
1401 2691 1534 2735 Qua·

124 2753 317 2821 'propter
344 2767 390 2803 et
417 2773 532 2803 cum·
541 2773 690 2802 eorum
719 2758 964 2812 modorum,
985 2758 1142 2817 quibus
1171 2758 1387 2817 principes
1408 2759 1533 2818 supe-

139 2822 254 2873 riom
283 2835 330 2873 et
365 2827 486 2888 plura
518 2818 696 2883 habent,
729 2842 863 2887 quam
896 2827 1081 2886 privati:
1117 2825 1270 2871 alter
1258 2843 1303 2871 m
1339 2827 1534 2887 pecuniis

774 2910 804 2939 o
826 2911 854 2940 o
875 2911 903 2955 3
