1898 3308
466 185 551 239 475
776 211 797 242 .·
852 238 853 241 Ἴ
901 184 1398 243 ARISTOTELIS

467 311 554 362 eet,
589 310 634 348 et
661 305 814 350 bellica
843 307 998 352 virtute
1033 325 1141 368 opus
1171 311 1255 354 est:
1286 327 1384 355 nam
1410 324 1495 353 nec
1527 309 1610 354 fine
1629 309 1835 362 ,his‘urbu

468 373 652 417 habitari
678 383 722 418 et
744 375 998 434 frequentari
1027 380 1174 436 potest,
1196 387 1483 427 verumtamen
1515 378 1598 422 sne
1624 378 1834 436 prioribus

465 441 643 498 quidem
677 443 792 503 inis,
803 460 887 488 non
920 447 1050 502 potest
1079 447 1289 488 consistere
1319 447 1492 490 civitas·
1525 447 1613 491 fine
1637 447 1706 491 hia
1737 460 1836 493 vero

468 502 616 568 pulcre
633 496 892 571 frequentari
910 522 955 557 et
973 513 1170 571 praeclare
1188 515 1279 573 regi
1300 530 1384 558 non
1407 515 1553 573 potest.

466 623 472 644 1
1244 632 1250 638 .

1055 661 1260 685 ...φ-ε-

989 785 1028 829 C
1043 787 1085 829 A
1101 788 1148 830 P.
1190 788 1320 830 XIII.

468 947 473 951 ¹
499 891 570 938 Ex
591 896 680 939 boni
692 897 843 956 publici
864 889 1358 959 ἅὶυεζβίαίεᾙιῄϋαόἶὶσαε
1377 901 1542 943 variare
1559 884 1809 962 ἆεηὶρῇβῗάί.

464 980 471 985 ’
524 987 612 1030 AD
632 988 716 1030 hoc
735 988 879 1046 igitur,
901 997 950 1031 ut
969 988 1017 1031 fit
1036 989 1200 1043 civitas,
1229 998 1305 1032 aut
1331 990 1426 1034 haec
1454 991 1601 1042 omnia
1619 997 1701 1038 aut
1721 1006 1837 1035 non·

469 1055 586 1098 nulla
605 1064 720 1099 certe
740 1072 794 1099 ex
813 1057 879 1099 his
899 1058 1053 1100 merito
1075 1058 1294 1116 ambigere
1320 1067 1366 1102 et
1394 1059 1659 1110 οοιιῐειιὰβῐβ
1668 1059 1838 1107 videan-

467 1133 567 1172 tur.
597 1125 650 1168 ad
679 1125 806 1168 vitam
835 1125 1050 1183 honestam
1074 1141 1170 1169 vero
1198 1127 1390 1171 doctrina
1408 1137 1452 1171 et
1468 1128 1604 1176 virtus
1621 1127 1841 1186 jussiffime

468 1190 705 1251 litigarint‚
713 1178 1077 1252 quemadmodum
1098 1204 1142 1255 et
1154 1203 1282 1246 antea
1306 1195 1472 1238 dicium
1491 1197 1563 1239 est.
1616 1196 1840 1243 Quoniam

469 1270 611 1304 autem
645 1275 784 1324 neque
814 1263 1005 1305 omnium
1034 1278 1174 1305 rerum
1205 1263 1412 1321 aequalem
1441 1271 1602 1321 partem
1627 1263 1736 1311 ferre
1762 1264 1839 1311 de-

468 1330 588 1383 bent,
612 1330 686 1389 qui
707 1330 804 1373 sunt
825 1347 911 1374 una
929 1332 1113 1389 quadam
1133 1341 1366 1385 retantum
1393 1333 1596 1390 aequales,
1615 1342 1754 1391 neque
1772 1333 1840 1376 in-

465 1399 694 1461 aequalem,
715 1399 833 1457 qui]
809 1400 833 1441 s
838 1408 886 1442 nt
906 1415 990 1442 una
1009 1415 1054 1442 re
1075 1400 1329 1458 inaequales.
1361 1401 1522 1444 neceffe
1541 1402 1598 1444 est
1614 1401 1721 1449 tales
1742 1415 1841 1445 om·

469 1479 543 1507 nes
563 1465 822 1523 reipublicae·
828 1466 1161 1510 administrandae
1192 1466 1348 1510 formas
1365 1482 1391 1510 a
1407 1467 1533 1510 reffls
1553 1467 1774 1531 deflcRere
1788 1483 1843 1515 ac

466 1527 676 1577 deerrare.
733 1533 913 1576 nietam
946 1544 1089 1578 autem
1126 1535 1184 1578 est
1218 1535 1347 1578 etiam
1386 1544 1512 1578 antea
1546 1529 1696 1587 omnes
1729 1552 1841 1594 quo-

471 1601 732 1648 dammodo
714 1617 812 1662 jure
832 1590 1077 1660 ambigere·
1111 1603 1353 1660 simpliciter
1374 1618 1477 1650 vero
1489 1611 1535 1647 et
1551 1603 1738 1651 absolute
1757 1620 1842 1647 non

471 1684 622 1713 omnes
643 1669 756 1728 jure.
813 1670 981 1713 Divites
1007 1671 1198 1729 quidem,
1218 1671 1318 1728 quia
1338 1671 1428 1730 agri
1449 1680 1655 1730 terraequc
1667 1671 1765 1730 plus
1783 1672 1844 1717 eis

470 1737 681 1796 suppetit.
712 1747 757 1780 at
777 1753 878 1798 ager
897 1738 1138 1795 communis
1163 1739 1242 1781 est.
1275 1748 1483 1796 praeterea
1506 1737 1550 1784 in
1581 1739 1708 1785 rebus
1737 1753 1843 1782 con-

467 1805 686 1851 trahendis
707 1821 905 1864 magnam
927 1814 1088 1864 partem
1105 1806 1202 1849 sunt
1221 1806 1443 1852 fideliores.
1501 1806 1680 1854 Liberos
1699 1815 1844 1855 autem

439 1883 452 1888 ’
468 1882 516 1929 ct
544 1874 725 1927 nobiles,
746 1883 796 1917 ut
825 1874 935 1933 inter
964 1875 1006 1916 se
1037 1874 1254 1918 finitimos.
1312 1874 1461 1933 Magis
1485 1874 1600 1925 enim
1618 1875 1732 1920 cives
1751 1875 1846 1934 sunt

470 1942 677 2000 generofi,
698 1957 826 2000 quam
841 1941 1002 1999 'humili
1019 1957 1175 1999 genere
1195 1951 1240 1994 et
1259 1942 1437 1985 obscuro
1453 1942 1550 1986 loco
1569 1943 1684 1994 nati:
1717 1943 1843 1993 nobi-

470 2011 568 2053 litas
598 2019 743 2053 autem
774 2010 888 2067 apud
922 2010 1104 2067 fingulas
1139 2010 1332 2053 nationes
1365 2010 1484 2058 domi
1518 2011 1576 2054 est
1607 2010 1842 2060 honorata:

470 2086 674 2135 praeterea
703 2077 804 2135 quia
833 2077 1055 2123 verifimile
1085 2079 1156 2130 est,
1186 2092 1259 2120 eos
1289 2077 1365 2135 qui
1395 2093 1448 2121 ex
1479 2077 1727 2122 melioribus
1755 2079 1846 2122 nati

469 2140 582 2201 sunt,
620 2145 701 2189 effe
738 2146 964 2191 meliores:
1011 2146 1208 2198 nobilitas
1243 2146 1358 2189 enim
1394 2147 1565 2204 generis
1602 2146 1736 2190 virtus
1771 2148 1844 2192 est.

473 2215 681 2259 Similiter
707 2213 842 2273 igitur
871 2213 1065 2266 dicemus,
1092 2213 1220 2256 etiam
1250 2214 1452 2257 virtutem
1483 2213 1732 2276 ambigere:
1762 2213 1846 2257 vir-

472 2291 611 2337 ¹tutem
631 2282 748 2325 enim
781 2281 1035 2337 dicimusad
1053 2296 1180 2324 omne
1199 2296 1337 2340 genus
1365 2281 1574 2324 societatis
1602 2296 1846 2324 accommo-

473 2350 616 2393 datam
646 2358 774 2407 atque
803 2350 970 2403 utilem,
993 2349 1073 2391 effe
1093 2349 1316 2407 justitiam,
1347 2364 1477 2407 quam
1509 2349 1731 2394 neceffario
1759 2355 1845 2394 cae·

469 2408 573 2472 rerae
592 2418 916 2475 subsequuntur,
975 2417 1094 2460 Quin
1115 2425 1160 2460 et
1179 2416 1320 2474 plures
1340 2432 1439 2460 cum
1463 2416 1732 2474 paucioribus
1760 2433 1847 2461 non

474 2486 692 2529 immerito
709 2485 991 2528 contendant:
1015 2499 1111 2526 nam
1133 2484 1261 2536 etiam
1276 2483 1551 2542 potentiores,
1567 2492 1611 2527 et
1627 2483 1849 2529 divitiores

365 2567 384 2607 1
401 2566 421 2606 1
432 2565 463 2606 2
477 2562 521 2596 et
541 2552 736 2606 meliores
749 2552 859 2604 sunt,
878 2551 904 2593 fi
920 2551 1061 2608 plures
1076 2551 1136 2593 ita
1151 2551 1382 2605 sumantur,
1398 2560 1448 2594 ut
1465 2566 1564 2594 cum
1578 2551 1848 2610 paucioribus

477 2619 760 2663 conferantur.
810 2619 970 2661 Utrum
998 2618 1130 2675 igitur
1149 2618 1174 2660 fi
1193 2618 1257 2661 isti
1275 2633 1424 2661 omnes
1451 2618 1581 2662 effent
1604 2618 1653 2669 iu¹
1679 2634 1764 2669 una
1787 2620 1848 2662 ci-

474 2680 622 2740 vitate,
643 2688 746 2744 boni
767 2687 955 2743 inquam,
969 2695 1013 2728 et
1028 2686 1198 2741 divites,
1218 2694 1262 2729 et
1281 2686 1463 2739 nobiles,
1482 2694 1528 2730 et
1545 2694 1747 2745 praeterea
1766 2688 1848 2732 alia

474 2747 711 2818 multitudo
735 2754 885 2806 civilis,
907 2754 1182 2795 controversia
1211 2753 1355 2812 aliqua
1384 2753 1493 2796 inter
1521 2753 1601 2796 hos
1629 2763 1674 2798 et
1702 2755 1850 2798 multi-

475 2823 670 2880 tudinem
709 2821 852 2865 futura
887 2821 959 2875 est,
998 2835 1119 2878 quos,
1149 2820 1392 2879 reipublicae
1438 2821 1606 2879 praeefl'e
1641 2823 1848 2881 oporteat,
