1898 3308
405 211 503 258 DE
543 208 743 256 cuRA
780 209 902 254 nm
942 209 1111 254 FAM.
1151 211 1212 255 11.
1245 222 1287 256 2.
1454 209 1540 268 695

137 314 373 394 ·ffliquum
407 335 555 380 darent
589 342 759 388 mutuo,
794 333 930 377 donec
967 332 1128 377 bellum
1165 325 1358 377 adversus
1393 347 1542 392 regem

149 395 376 448 Persarum
409 403 616 447 finiretur.
675 403 744 446 De
778 415 1032 460 unaquaque
1065 399 1193 443 etiam
1226 401 1396 443 colonia
1422 399 1545 444 suafit

157 479 210 515 ut
227 471 453 530 imperaret
471 482 631 516 certam
650 470 876 530 pecuniam
896 468 1046 514 tributi
1068 468 1256 520 nomine,
1277 468 1468 527 itemque
1486 469 1542 512 de

158 539 334 600 singulis
356 541 618 600 corporibus.
681 542 789 583 Item
817 538 873 582 de
899 537 1116 582 frumento
1146 536 1263 594 quod
1294 538 1470 590 veniret,
1492 547 1541 581 ut
1557 527 1658 581 365

157 607 432 668 exigerentur
465 609 578 655 ultra
607 607 790 667 pretium
821 616 909 650 tam
937 607 991 650 ab
1021 614 1214 663 emptore
1240 620 1370 662 quam
1393 606 1540 648 vendi-

151 673 267 732 tore,
288 677 344 721 de
375 677 546 737 fingulis
579 677 735 721 artabis
764 676 867 720 affes
895 676 1002 729 bini,
1022 690 1190 718 necnon
1216 675 1270 718 de
1299 674 1478 731 navigiis
1499 684 1544 718 et

156 744 355 800 officinis,
375 757 420 789 et
438 745 548 798 aliis,
569 745 775 804 quicquid
795 745 958 803 negotii
980 753 1202 804 gereretur
1220 752 1264 787 et
1284 743 1403 788 fieret
1421 759 1542 801 quae-

157 813 264 869 stus,
297 815 479 872 quaestus
512 814 628 857 illius
660 829 756 891 pars
790 814 972 856 decima.
1030 814 1214 870 Jamque
1250 811 1391 868 copias
1426 820 1546 854 extra

157 890 314 925 terram
343 881 553 926 edu&uro
581 882 674 941 regi
704 881 838 934 suafit,
860 891 909 924 ut
930 881 1119 940 juberet,
1140 879 1257 939 quod
1278 879 1456 938 quisque
1475 894 1542 923 ar-

154 949 277 1009 genti
297 959 371 993 aut
391 950 479 993 auri
501 965 586 994 non
607 950 756 1009 (ignati
777 950 967 1002 haberet,
989 949 1034 992 id
1052 949 1104 992 ad
1123 940 1164 992 se
1185 949 1364 991 afferret.
1409 947 1547 991 Cum-

152 1016 243 1078 q'ue
260 1017 361 1061 effet
377 1018 570 1071 allatum,
591 1018 712 1062 suast
728 1018 850 1071 item,
874 1019 964 1061 Rex
985 1033 1038 1060 eo
1057 1026 1106 1060 ut
1127 1026 1333 1060 uteretur.
1394 1019 1451 1060 Et
1472 1031 1545 1060 eos

157 1085 235 1144 qui
255 1096 407 1130 mutuo
436 1087 658 1140 dedissent,
683 1086 1002 1131 commendaret
1036 1085 1271 1139 navarchis‚
1293 1084 1367 1144 qui
1398 1085 1546 1130 debita

157 1155 442 1214 persolverent
461 1171 516 1200 ex
535 1156 725 1199 tributis.

216 1219 453 1283 'Iphicrates
476 1225 760 1278 Atheniensis,
782 1233 967 1284 cogente
996 1224 1139 1283 copias
1161 1225 1318 1283 Cotye,
1339 1232 1389 1267 ut
1407 1223 1447 1267 ei
1466 1238 1542 1283 pe„-

152 1288 288 1337 “cunia‘
316 1292 571 1352 suppeteret,
601 1293 742 1337 effecit
771 1293 855 1337 hoc
888 1293 1045 1336 modoz
1080 1293 1215 1336 Suasit
1246 1302 1294 1335 ut
1320 1292 1546 1350 imperaret

157 1362 362 1406 omnibus
391 1362 474 1406 suae
506 1362 661 1406 ditioni
694 1361 911 1421 subjeetis,
932 1370 982 1404 ut
1002 1361 1269 1404 consererent
1297 1361 1450 1419 finguli
1469 1360 1546 1404 soli

157 1429 320 1491 partem
341 1428 552 1483 exemtam
573 1431 665 1491 regi
685 1432 859 1475 XVIII.
882 1431 1052 1474 modiis.
1113 1433 1213 1474 Hoc
1241 1430 1356 1475 facto
1388 1446 1548 1489 magna

155 1499 364 1544 frumenti
398 1501 522 1560 copia
552 1500 635 1544 fuit
669 1500 861 1543 collecta.
921 1501 1021 1544 Qua
1052 1500 1097 1542 in
1131 1515 1182 1542 ea
1211 1499 1320 1552 loca,
1352 1500 1427 1543 ubi
1456 1500 1549 1545 fora

158 1569 413 1628 agebantur,
432 1578 666 1627 exportata,
686 1562 907 1612 abundans
929 1568 1109 1626 pecunia
1127 1570 1185 1611 est
1205 1568 1413 1612 confecta.

160 1627 168 1633 ’
220 1637 358 1697 Cotys
374 1638 567 1681 Thraciae
597 1652 670 1680 rex
699 1636 922 1695 pecuniam
954 1637 1127 1695 petebat
1152 1646 1307 1680 mutuo
1327 1638 1381 1681 ab
1402 1637 1549 1681 Perin-

160 1704 268 1749 thiis
285 1705 339 1749 ad
358 1705 668 1750 contrahendos
689 1705 866 1749 milites.
926 1706 1033 1748 Eam
1063 1705 1268 1748 Perinthii
1297 1706 1398 1749 dare
1426 1705 1548 1750 nole-

161 1770 282 1819 bant.
344 1773 471 1818 Petiit
498 1774 633 1833 igitur
661 1789 714 1817 ex
743 1773 929 1832 ipsorum
962 1773 1126 1816 civibus
1147 1775 1312 1832 aliquot
1330 1775 1477 1819 saltem
1496 1775 1549 1828 ad

161 1843 204 1886 se
224 1841 460 1896 mitterent,
482 1842 561 1901 qui.
577 1842 703 1885 certis
733 1841 840 1884 locis
869 1841 1061 1900 praefidio
1089 1842 1234 1895 essent,
1258 1851 1307 1886 ut
1336 1843 1550 1892 militibus

162 1907 348 1955 ea'tunc
377 1910 725 1962 custodientibus,
747 1909 846 1952 alibi
869 1909 933 1952 uti
954 1910 1099 1968 posset.
1161 1910 1212 1955 Id
1234 1911 1441 1955 Perinthii
1462 1913 1550 1957 cito

162 1972 370 2035 fecerunt,
385 1979 470 2022 rati
490 1978 564 2022 illa
590 1979 650 2023 ita
678 1977 772 2020 loca
803 1977 844 2020 iu
871 1977 943 2020 sua
970 1979 1171 2036 potestate
1192 1979 1312 2023 fore:
1344 1989 1388 2023 at
1411 1982 1550 2042 Cotys

161 2061 238 2091 eos
268 2047 344 2107 qui
373 2047 428 2090 ad
458 2047 499 2090 se
529 2045 635 2089 miffi
666 2045 851 2100 fuerant,
871 2054 1017 2103 captos
1046 2045 1247 2100 detinuit,
1269 2047 1474 2107 juffitque
1497 2051 1552 2095 ad

159 2115 202 2159 se
225 2115 340 2159 mitti
371 2123 527 2159 mutuo
557 2113 735 2173 petitam
762 2114 1003 2171 pecuniam,
1024 2122 1067 2157 et
1087 2115 1147 2158 ita
1166 2115 1352 2175 recipere
1371 2117 1467 2162 suos
1487 2120 1550 2164 ci-

162 2190 249 2230 ves.

217 2256 399 2300 Mentor
432 2254 560 2308 filius,
594 2253 900 2313 comprehenso
935 2254 1129 2307 Hermia,
1164 2257 1382 2314 occupatis
1420 2259 1548 2305 etiam
1564 2260 1671 2314 366

153 2320 215 2383 *iis
247 2324 355 2368 locis
388 2339 488 2382 quae
525 2322 598 2366 ille
637 2330 845 2375 tenuerat,
881 2331 1177 2380 procuratores
1211 2325 1461 2371 constitutos
1497 2331 1550 2373 ab

164 2387 344 2437 Hermia
363 2407 449 2435 non
469 2391 667 2434 removit.
727 2391 878 2449 Itaque
899 2390 990 2449 jam
1020 2391 1219 2435 omnibus
1249 2393 1419 2448 securis,
1450 2405 1495 2439 et
1526 2397 1552 2440 fi

161 2461 270 2521 quid
288 2460 454 2505 dudum
484 2458 788 2503 absconderant
807 2466 882 2502 aut
905 2458 1185 2516 deposuerant
1205 2460 1317 2518 apud
1338 2471 1554 2519 externos,

163 2530 208 2574 id
228 2529 390 2574 rursum
412 2528 671 2592 habentibus
700 2526 813 2585 apud
843 2526 899 2580 se,
930 2536 974 2569 et
1005 2527 1116 2586 ipsos
1148 2530 1491 2587 comprehendit,
1511 2543 1556 2577 et

161 2597 376 2659 quicquid
395 2597 612 2640 habebant
632 2610 765 2654 penes
781 2596 836 2648 se,
857 2595 903 2638 id
923 2595 1094 2639 abstulit
1119 2596 1380 2642 universum.

170 2661 174 2665 ’
221 2667 404 2710 Memno
434 2665 645 2718 Rhodius,
677 2663 911 2721 Lampsaco
939 2662 1116 2721 potitus,
1139 2664 1184 2707 in
1214 2666 1391 2722 penuria
1419 2683 1552 2726 pecu-

164 2735 266 2790 niae,
295 2749 498 2794 magnam
527 2733 735 2777 summam
766 2733 962 2791 pecuniae
991 2730 1250 2791 praescripfit,
1279 2750 1407 2793 quam
1440 2753 1552 2796 opu-

163 2803 379 2848 lentiffimi
397 2801 694 2861 persolverent,
715 2814 895 2857 eamque
912 2810 1157 2859 recepturos
1187 2802 1296 2860 ipsos
1315 2803 1396 2848 effe
1416 2807 1552 2851 osten-

164 2869 231 2915 dit
254 2885 307 2915 ex
335 2870 516 2915 aliorum
544 2869 704 2914 civium
737 2868 915 2912 tributo.
977 2869 1091 2912 Cum
1121 2884 1221 2913 vero
1251 2871 1380 2916 etiam
1411 2874 1551 2918 caeteri

794 2952 926 2997 Ἠ
