1968 3366
442 180 534 225 DE
575 180 1021 226 REPUBLICA·
1050 143 1094 223 Ι(
1121 194 1161 224 1.
1395 188 1481 252 ,30⁷⁹

117 300 246 361 qudo
259 301 366 345 fabri
385 301 558 358 ferrarii,
578 304 769 363 gladium
796 301 1072 360 Delphicum,
1095 316 1218 359 parce
1239 300 1425 347 tenuiter
1440 308 1487 356 et

115 369 313 428 anguste:
343 369 414 413 sed
434 371 594 429 fingula
623 373 677 415 ad
704 371 888 430 singulos
921 371 1035 413 usus,
1087 370 1157 411 Sic
1185 368 1298 411 enim
1319 369 1485 411 absolu-

114 435 314 480 tiffimum
345 445 391 480 et
424 438 766 496 perfeffiffimum
801 438 928 481 fuerit
964 435 1300 494 unumquodque
1335 436 1485 478 instru-

115 513 327 556 mentum,
347 505 376 548 fi
405 521 489 549 non
519 507 667 550 multis
695 507 894 565 operibus
915 505 984 548 sed
1006 504 1079 548 uni
1110 503 1312 547 afferviat.
1357 503 1488 560 Apud

113 573 315 617 bnrbaros
337 583 480 618 autem
514 575 688 619 foemina
717 585 762 618 et
794 575 932 618 servus
963 572 1113 616 eodem
1142 572 1238 615 sunt
1263 571 1410 614 ordine
1442 581 1487 614 et

114 638 228 685 loco.
277 641 415 700 Cujus
429 643 488 685 rei
510 643 633 686 causa
652 644 723 695 est,
743 642 860 701 quod
879 656 963 684 non
984 641 1145 683 habent
1164 638 1279 698 quod
1309 639 1488 695 imperet

114 717 280 763 natura,
318 710 391 754 sed
425 725 572 754 eorum
607 711 782 755 societas
814 725 866 753 ex
900 710 1017 751 servo
1046 716 1092 751 et
1126 706 1278 750 ancilla
1313 707 1486 749 constat.

117 777 333 822 Quocirca
351 793 426 837 par
442 779 523 822 effe
541 779 662 822 aiunt
681 787 834 837 poetae,
852 777 1046 821 Barbaris
1063 776 1238 819 Graecos
1258 775 1484 833 imperare:

114 844 287 903 perinde
306 846 417 904 quafi
439 846 552 889 idem
583 846 662 889 fint
684 847 885 890 barbarus
904 860 953 888 ac
971 845 1112 888 servus
1132 852 1296 886 natura.
1337 845 1401 886 Ex
1420 842 1487 885 his

113 912 248 971 igitur
273 912 440 957 duabus
469 914 739 958 societatibus
767 914 903 973 prima
921 913 1073 956 domus
1092 911 1385 956 constituitur:
1415 925 1485 954 re-

116 980 270 1040 &eque
286 981 495 1024 Hefiodus
512 981 684 1040 scripfit,
781 980 786 986 ’

227 1046 303 1106 Est
313 1049 484 1107 'primum
503 1050 652 1103 domm,
674 1058 712 1092 et
729 1048 866 1092 mulier
886 1048 974 1103 tibi,
994 1049 1058 1091 bos
1077 1056 1114 1090 et
1132 1056 1283 1092 arator.
1500 1055 1529 1096 3

113 1116 199 1162 Bos
215 1116 331 1160 enim
350 1117 603 1175 pauperibus
623 1132 702 1176 pro
718 1118 836 1160 servo
854 1118 926 1161 est.
968 1117 1157 1160 Societas
1178 1116 1309 1174 igitur
1325 1114 1368 1160 in
1388 1130 1485 1158 om-

114 1200 192 1230 nes
220 1186 320 1230 vitae
345 1186 436 1229 dies
456 1187 697 1240 constituta,
719 1195 879 1229 naturae
908 1184 1165 1229 conveniens
1194 1192 1238 1227 et
1266 1183 1486 1227 consenta-

114 1268 210 1308 nea,
238 1253 394 1298 domus
422 1255 504 1297 est:
536 1254 659 1313 cujus
692 1254 900 1297 societatis
925 1253 1151 1311 participes
1181 1259 1225 1295 et
1254 1252 1487 1306 consortes,

116 1322 329 1378 ὁμοσιπύους
359 1321 608 1366 Charondae
636 1322 821 1381 appellat
841 1321 906 1379 (id
935 1322 1009 1375 est,
1038 1337 1091 1364 ex
1119 1321 1269 1364 eodem
1298 1321 1487 1378 panario,

114 1390 193 1434 seu.
205 1404 259 1434 ex
277 1389 423 1434 eadem
440 1391 647 1449 apotheca
665 1391 825 1435 victum
846 1390 1057 1433 sumentes
1077 1406 1088 1432 ε
1121 1404 1199 1432 nos
1223 1389 1488 1432 convictores

91 1457 399 1518 appellemus)
430 1458 703 1517 Epimenides
730 1467 874 1502 autem
907 1457 1129 1510 Cretensis,
1162 1457 1398 1513 ὄμοκάπνους,
1424 1457 1488 1514 (id

114 1527 184 1579 est,
202 1541 294 1571 uno
319 1535 364 1570 et
387 1526 607 1570 communi
635 1526 734 1570 foco
759 1527 831 1570 seu
854 1526 977 1571 fumo
1006 1534 1200 1569 utentes:
1231 1525 1438 1579 dicamuS‚
1459 1527 1487 1570 fi

65 1644 67 1646 ,
114 1595 268 1654 placet,
288 1595 652 1651 contubernales.)
696 1595 886 1639 Societas
907 1603 1051 1638 autem
1071 1594 1204 1652 prima
1223 1609 1276 1637 ex
1295 1593 1488 1652 pluribus

114 1665 316 1710 domibus
349 1666 546 1718 conflata,
575 1681 660 1709 non
694 1665 828 1709 divini
859 1665 956 1709 usus
985 1665 1138 1724 gratia,
1167 1664 1287 1708 vicus
1315 1666 1387 1719 est,
1417 1665 1489 1709 seu

114 1733 324 1777 vicinitas.
369 1733 563 1777 Maxime
592 1748 694 1776 vero
722 1733 892 1777 videtur
920 1733 1000 1776 effe
1029 1741 1191 1776 naturae
1211 1733 1490 1777 consentanea

116 1801 328 1856 vicinitas,
361 1801 495 1845 veluti
533 1801 728 1860 quaedam
760 1802 914 1845 domus
947 1801 1128 1854 colonia,
1159 1816 1268 1860 quos
1292 1803 1488 1847 nonnulli

116 1868 399 1913 collectaneos
426 1869 655 1928 appellant,
674 1877 718 1913 et
744 1869 870 1923 filios,
890 1876 935 1912 et
954 1869 1136 1912 filiorum
1167 1869 1290 1913 filios.
1338 1871 1489 1928 Itaque

116 1944 162 1980 et
188 1936 396 1996 principio
425 1937 617 1981 civitates
647 1937 724 1981 sub
748 1939 909 1996 'regum
937 1937 1119 1996 imperio
1146 1947 1281 1991 erant,
1301 1947 1347 1982 et
1375 1954 1489 1983 nunc

114 2005 247 2051 etiam
276 2014 445 2065 gentes,
464 2005 566 2064 quia
585 2021 638 2050 ex
655 2005 707 2048 iis
725 2007 800 2064 qui
826 2006 903 2050 sub
935 2021 1071 2065 regno
1098 2005 1310 2060 vivebant,
1331 2021 1487 2050 conve-

115 2081 286 2119 nerunt.
345 2073 502 2118 Omnis
533 2073 648 2118 enim
681 2073 852 2128 domus,
884 2073 975 2133 ejus
1005 2074 1079 2132 qui
1106 2082 1232 2118 aetate
1258 2076 1487 2130 antecedit,

113 2155 252 2202 regnov
274 2141 462 2201 subjeeia
487 2142 559 2196 est,
579 2156 687 2202 ergo
705 2151 749 2186 et
767 2142 965 2196 coloniae,
985 2142 1031 2186 id
1051 2143 1123 2196 est,
1145 2142 1318 2187 familiae
1347 2144 1490 2203 plures

112 2224 211 2269 quae
229 2210 285 2254 ab
301 2225 389 2254 una
403 2210 534 2254 domo
552 2211 782 2264 fluxerunt,
801 2219 970 2270 propter
989 2211 1304 2270 cognationem.
1342 2213 1489 2271 Atque

114 2277 200 2322 hoc
217 2277 326 2322 illud
345 2279 403 2322 est
422 2278 540 2336 quod
558 2278 618 2322 ait
637 2279 873 2332 Homerus,

337 2346 602 2406 ——-jura
619 2355 750 2389 autem
767 2346 956 2390 uxoribus
974 2362 1076 2391 unus

287 2413 462 2474 Qu‘ffque
479 2414 553 2457 dat
570 2421 610 2456 et
622 2413 745 2457 natis.

115 2481 233 2526 Nam
252 2480 337 2527 hoc
355 2480 486 2524 modo
505 2479 582 2524 fufi
601 2495 676 2539 per
692 2495 816 2540 agros
844 2488 889 2525 et
914 2481 1077 2540 disperfi
1102 2482 1253 2542 primis
1270 2483 1357 2528 illis
1376 2492 1490 2529 tem-

109 2548 286 2608 poribus
304 2549 440 2602 vitam,
463 2548 678 2592 colebant.
721 2549 869 2607 Atque
885 2548 1047 2592 idcirco
1066 2565 1214 2595 omnes
1233 2551 1369 2607 aiunt,
1388 2554 1493 2598 deos

114 2616 192 2661 sub
219 2631 354 2676 regno
383 2622 552 2660 aetatem
583 2630 739 2676 agere:
769 2617 871 2675 quia
889 2618 1039 2674 partim
1068 2617 1138 2676 ipfi
1159 2634 1332 2679 quoque
1360 2621 1492 2667 etiam

109 2698 244 2739 nune,
264 2683 420 2744 partim
433 2683 585 2743 ‘primis
605 2684 691 2727 illis
710 2692 755 2727 et
773 2684 916 2741 priscis
942 2686 1207 2744 temporibus
1223 2687 1299 2731 sub
1319 2689 1493 2748 regibus

30 2780 33 2786 ·
110 2760 248 2798 tant.
305 2751 683 2799 Quemadmodum
713 2751 827 2795 enim
856 2753 1026 2807 formas,
1055 2754 1117 2797 ita
1143 2764 1188 2798 et
1215 2756 1384 2800 vivendi
1409 2773 1490 2816 ge-

112 2835 214 2866 nera
232 2820 430 2876 deorum,
452 2820 526 2867 fibi
546 2820 708 2865 faciunt
727 2820 939 2867 homines.
988 2821 1174 2874 Perfeaa
1192 2833 1337 2869 autem
1358 2825 1489 2870 socie·
1535 2835 1588 2874 11.
