1968 3366
463 166 546 224 37⁸
891 164 1385 210 Ams‘ro‘rnms

463 287 516 329 ad
535 284 748 329 civitatem
769 285 1066 330 moderandam
1095 296 1238 345 aptum
1260 303 1270 329 ε
1302 286 1366 329 vel
1395 284 1624 339 basilicum,
1642 285 1726 329 hoe
1743 285 1818 340 est,

463 354 515 398 ad
545 353 729 411 regalem
758 354 999 412 potestatem
1029 354 1258 397 idoneumz
1289 354 1398 411 quafi
1419 368 1516 396 vero
1536 352 1643 396 nihil
1661 353 1818 396 interfit

464 420 574 463 inter
591 435 788 478 magnam
809 421 998 474 domum,
1019 430 1063 463 et
1083 436 1250 478 parvam
1273 420 1521 463 civitatem:
1549 429 1593 463 et
1611 435 1710 464 cum
1730 419 1816 478 ipse

457 487 637 545 quidem
667 487 776 530 solus
804 487 963 531 civitati
991 488 1147 545 praeest,
1167 487 1220 533 ad
1240 487 1424 545 regalem
1453 488 1694 544 potestatem
1719 487 1816 531 ido-

462 571 588 599 neum
612 574 622 598 :
652 557 725 599 ubi
755 571 853 599 vero
877 571 930 598 ex
956 556 1191 598 rationibus
1212 555 1393 598 scientiae
1424 555 1594 598 viciffim
1624 555 1819 613 imperat,

452 637 511 665 -ac
542 632 673 680 paret,
704 623 940 680 politicum.
986 622 1068 666 Sed
1102 622 1193 664 haec
1225 637 1310 667 non
1342 622 1438 664 sunt
1468 637 1586 668 verax
1618 631 1745 679 atque
1773 621 1819 665 id

462 691 578 747 quod
598 706 623 734 a
641 691 760 732 nobis
789 690 955 743 dicitur,
976 690 1028 732 iis
1057 689 1225 746 planum
1252 689 1339 741 fiet,
1359 689 1435 747 qui
1463 689 1546 732 hoe
1574 689 1818 746 spe&abunt

461 773 514 800 ex
533 773 582 800 ea
600 757 870 809 institutione,
893 772 941 799 ac
960 757 1140 799 docendi
1169 756 1345 808 ratione,
1365 771 1490 813 quam
1513 771 1590 800 nos
1608 764 1732 800 antea
1751 756 1816 800 se-

462 825 568 876 cuti,
587 833 713 882 atque
740 825 902 882 ingreffi
929 824 1084 867 sumus.
1134 823 1505 868 Quemadmodum
1527 825 1640 868 enim
1660 825 1705 868 in
1723 825 1816 868 aliia

461 894 586 936 rebus
606 892 882 949 compofitum
902 891 1031 948 usque
1051 890 1105 933 ad
1125 890 1320 947 fimplicia
1341 901 1386 933 et
1414 892 1722 949 compotitionis
1741 906 1815 935 ex-

435 977 444 981 ·
462 961 595 1018 pertia
622 960 805 1001 dividere
834 958 992 1001 necesse
1010 958 1065 1000 est
1091 957 1175 1014 (hae
1194 958 1307 1001 enim
1327 958 1422 1001 sunt
1448 959 1666 1016 particulae'
1684 960 1817 1004 totius

462 1028 671 1079 minimae)
695 1027 748 1069 fic
766 1034 825 1079 et,
847 1026 890 1077 fi,
911 1025 1066 1083 quibus
1094 1040 1145 1068 ex
1173 1025 1362 1082 partibus
1390 1027 1547 1073 constet
1573 1028 1735 1081 civitae,
1755 1028 1818 1072 vi-

419 1102 450 1142 2
466 1097 655 1147 deamus,
670 1094 814 1136 eadem
834 1107 961 1150 opera
973 1101 1016 1135 et
1031 1092 1134 1151 quid
1154 1092 1247 1135 haec
1261 1092 1370 1135 inter
1384 1093 1426 1136 se
1438 1093 1647 1147 differant,
1661 1109 1820 1154 cogno-

462 1164 639 1214 scemus,
674 1170 720 1204 et
748 1160 892 1204 fierine
925 1160 1058 1218 poflit,
1092 1168 1142 1203 ut
1173 1159 1404 1218 quippiam,
1440 1161 1554 1220 quod
1582 1161 1657 1205 sub
1683 1171 1817 1207 artem

400 1277 402 1279 ,
464 1231 602 1283 cadat,
623 1230 668 1273 in
690 1243 945 1286 unoquoque
966 1243 1112 1271 eorum
1129 1243 1226 1286 quae
1245 1227 1358 1271 dieta
1373 1228 1482 1282 sunt,
1501 1228 1726 1284 sumamus,
1747 1230 1814 1283 iq.-

465 1298 726 1355 telligemus.
744 1331 747 1334 .

964 1440 1310 1463 ψ

1009 1542 1104 1590 CA
1120 1547 1167 1590 P.
1210 1547 1272 1591 11.

462 1661 652 1706 “Civitatis
671 1660 910 1715 Materiam,
929 1660 1050 1719 ipsam
1056 1656 1209 1718 scilicet
1229 1658 1454 1702 Societatem
1472 1656 1723 1716 domqsticam,
1740 1674 1818 1719 ge·

952 1727 1119 1769 neratim
1132 1726 1328 1786 proponit.

515 1819 752 1863 ITAQUE
770 1818 796 1861 fi
824 1817 921 1876 quis
945 1831 971 1859 a
995 1815 1202 1874 principio
1220 1825 1294 1872 {res
1319 1815 1502 1859 orientes
1527 1829 1578 1860 ae
1604 1815 1823 1861 nascentes

460 1887 699 1945 inspexerit,
728 1883 1087 1944 quemadmodum
1110 1883 1152 1926 in
1171 1882 1280 1937 aliis,
1301 1883 1354 1925 fic
1373 1890 1417 1926 et
1436 1882 1480 1946 in
1499 1882 1568 1925 his
1586 1882 1671 1926 hoc
1689 1882 1820 1926 modo

459 1955 621 2013 optime
648 1954 709 1997 rei
738 1953 954 1996 veritatem
985 1950 1250 2009 perspexerit.
1296 1948 1474 1994 Necess‘e
1501 1949 1636 2007 igitur
1655 1949 1713 1992 est
1731 1949 1819 2007 pri-

460 2038 581 2070 mum
598 2036 671 2065 eos
686 2019 888 2078 conjungi
902 2027 946 2062 et
960 2017 1163 2076 copulari,
1175 2031 1357 2074 quorum
1375 2016 1481 2059 alter
1498 2015 1582 2059 fine
1593 2015 1728 2060 altero
1739 2016 1820 2060 effe

460 2106 546 2134 non
572 2091 720 2149 potest,
754 2096 803 2131 ut
831 2101 988 2130 marem
1017 2093 1062 2128 et
1093 2084 1312 2127 foeminam
1341 2083 1639 2142 procreationis
1667 2075 1788 2136 eausa
1804 2100 1818 2127 ε

461 2168 590 2216 atque
608 2159 691 2201 hoc
710 2171 796 2200 non
826 2170 879 2199 ex
907 2154 1078 2198 consilio
1101 2153 1402 2211 proficiscitur:
1433 2151 1520 2205 sed,
1540 2150 1819 2209 quemadmo-

461 2228 565 2270 dum
585 2233 629 2268 et
647 2225 690 2268 in
709 2224 803 2267 aliis
825 2222 1109 2266 animantibus
1127 2227 1172 2264 et
1187 2220 1397 2278 stirpibus,
1416 2217 1605 2262 naturale
1632 2217 1705 2271 est,
1733 2217 1821 2261 tale

462 2295 658 2345 alterum,
678 2291 803 2349 quale
830 2289 962 2347 ipsum
992 2289 1057 2341 fit,
1085 2301 1237 2345 cupere
1259 2285 1511 2344 relinquere.
1556 2283 1822 2342 copulantur

462 2370 604 2405 autem
626 2360 755 2404 etiam
773 2366 922 2401 natura
948 2355 995 2399 id
1021 2355 1138 2413 quod
1166 2354 1363 2412 imperat,
1380 2361 1424 2398 et
1443 2352 1488 2396 id
1507 2352 1624 2411 quod
1643 2350 1822 2410 imperio

463 2437 596 2487 paret,
616 2436 783 2486 propter
802 2425 992 2468 salutem.
1029 2424 1143 2466 Nam
1163 2421 1280 2480 quod
1296 2420 1454 2465 mentis
1471 2418 1703 2479 agitatione
1721 2432 1823 2477 pro-

464 2497 606 2540 videre
639 2495 784 2553 potest,
814 2490 1046 2550 imperandi
1069 2490 1143 2549 jus
1170 2489 1300 2532 habet
1327 2496 1489 2541 natura,
1509 2496 1555 2530 et
1580 2485 1824 2530 dominatur

464 2571 638 2607 natura:
669 2561 784 2620 quod
817 2569 959 2604 autem
990 2557 1123 2616 potest
1152 2570 1324 2614 corpore
1356 2555 1559 2618 imperata
1589 2552 1744 2605 facere,
1776 2551 1822 2595 id

464 2630 644 2688 imperio
663 2628 832 2671 alterius
857 2640 1001 2685 parere
1019 2634 1063 2668 et
1080 2623 1227 2667 servire
1254 2623 1384 2667 debet
1411 2629 1574 2665 natura.
1620 2620 1821 2679 Quapro-

467 2708 562 2757 pter
579 2697 753 2740 domino
771 2704 816 2739 et
832 2695 947 2738 servo
966 2693 1080 2737 idem
1100 2691 1285 2750 expedit.
1318 2690 1508 2734 Foemina
1525 2688 1658 2748 igitur
1675 2696 1721 2731 et
1738 2689 1823 2731 ser-

468 2781 544 2810 vus
564 2754 751 2808 ὀίίὶίιιὸὶα
772 2763 867 2807 sunt
894 2769 1054 2806 natura.
1096 2758 1220 2804 Nihil
1247 2757 1360 2802 enim
1389 2756 1484 2813 tale,
1503 2755 1633 2800 efficit
1658 2762 1823 2810 natura,
