1898 3308
417 191 512 247 ⁴644
870 191 1363 241 ARISTOTELIS
1835 0 1898 259 1

423 312 592 356 diorum
613 321 714 357 natu
732 314 878 367 foetus,
900 315 1110 359 inchoatis
1128 324 1257 374 atque
1278 313 1536 372 imperfectis
1557 312 1804 372 corporibus

425 381 724 439 mentibusque
759 381 1012 427 nascuntur:
1044 398 1191 426 eorum
1225 397 1324 426 vero
1363 382 1438 440 qui
1474 382 1587 425 senio
1618 380 1801 427 cenfuffi

426 449 537 501 sunt,
558 449 720 493 soboles
748 450 915 493 infirma
941 459 1070 509 atque
1100 451 1313 494 imbecilla
1331 451 1402 494 est.
1463 451 1608 497 Quare
1624 448 1670 493 ld
1689 455 1802 494 tem-

427 532 506 575 pus
537 518 809 575 praefiniatur,
843 519 886 561 in
925 533 1013 576 quo
1047 533 1167 561 mens
1202 519 1388 562 maxime
1420 518 1538 577 viget
1568 533 1617 564 ac
1647 518 1800 563 floret.

427 589 583 632 mentis
606 597 748 632 autem
770 590 848 631 flos
868 603 916 631 ac
937 589 1060 645 vigor
1089 589 1130 630 in
1163 588 1370 646 plerisque
1388 589 1459 641 est,
1480 603 1607 647 quem
1627 588 1801 647 quidam

427 663 567 714 poetae
598 656 895 713 exposuerunt,
923 655 998 711 qui
1031 654 1218 697 hominis
1248 663 1419 698 aetatem
1449 653 1711 712 septenariis·
1709 671 1802 699 ¹uu·

427 724 557 766 meris
591 723 841 774 metiuntur,
878 737 990 764 anno
1028 721 1195 764 circiter
1231 722 1805 782 quinquagefimo.1tuqne

427 792 503 848 qui
522 792 632 833 hanc
655 799 824 833 aetatem
846 789 1123 847 quadriennio
1151 797 1224 832 aut
1253 788 1548 847 quinquennio
1569 790 1780 848 superatq'
1767 804 1807 835 ιι

427 860 557 903 debet
576 875 601 901 a
620 858 839 901 manifesta
863 858 1154 915 procreatione
1186 858 1345 901 solutus
1365 859 1468 908 leffe.
1525 859 1596 902 De
1620 850 1805 918 reliquo,

427 927 684 970 valetudinis
720 926 871 984 gratia,
910 935 984 968 aut
1022 935 1193 983 propter
1227 926 1361 969 talem*
1395 926 1580 985 aliquam
1620 927 1805 979 causam,

427 1004 597 1053 oportet
613 1009 687 1037 eos
708 994 837 1037 videri
857 994 969 1036 inter
989 994 1027 1036 se
1046 992 1321 1037 commisceri.
1378 995 1448 1038 De
1476 994 1708 1056 concubitu
1727 1009 1804 1039 au-

429 1073 516 1107 tem
538 1072 612 1105 aut
633 1062 708 1105 viri
732 1077 830 1105 cum
859 1062 943 1104 alia
971 1061 1146 1114 femina,
1174 1071 1249 1104 aut
1276 1062 1447 1105 feminae
1474 1068 1573 1105 cum
1592 1062 1805 1114 alio-vire,

429 1132 515 1175 esto
546 1131 734 1174 absolute
768 1139 890 1187 turpe
923 1139 965 1172 et
996 1129 1271 1187 flagitiosum,
1297 1129 1426 1173 alium
1457 1137 1532 1174 aut
1561 1129 1699 1174 anun>
1717 1131 1807 1177 ulla

429 1199 591 1242 ratione
612 1198 783 1255 ulloque
813 1198 937 1253 pafio
966 1209 1139 1255 tangere
1170 1197 1318 1250 videri,
1338 1212 1438 1240 cum
1457 1208 1502 1241 et
1521 1199 1577 1246 est
1593 1206 1638 1242 et
1657 1199 1803 1258 appel-

428 1268 543 1311 latur
573 1266 743 1324 conjux.
804 1265 935 1309 Quod
968 1265 992 1306 fi
1023 1265 1118 1322 quis
1149 1265 1259 1308 inter
1283 1266 1327 1308 id
1355 1273 1539 1324 tempus,
1557 1266 1675 1325 quod
1703 1279 1803 1325 pro·

427 1334 629 1379 creationi
661 1334 889 1377 liberorum
922 1332 1175 1389 praefinitum
1197 1333 1270 1386 est,
1291 1334 1335 1375 in
1353 1333 1428 1376 tali
1441 1333 1591 1392 aliquo
1619 1334 1804 1379 facinore

426 1402 764 1462 deprehendatur
783 1420 794 1445 ε
825 1402 898 1444 tali
920 1400 1092 1443 infamia
1112 1410 1282 1444 notetur
1300 1401 1470 1459 qualem
1492 1402 1656 1459 pecoeti
1678 1417 1801 1462 mag-s

430 1471 582 1514 nitudo
601 1470 864 1528 gravitasque
885 1469 1079 1527 postulat.

215 1682 346 1722 XVII.
947 1679 984 1722 C
1001 1679 1042 1723 A
1059 1680 1104 1723 Ρ
1150 1680 1296 1723 XVII.

428 1794 567 1837 Liberi
584 1794 673 1839 nati
693 1794 876 1852 quomodo
896 1793 1046 1846 alendi,
1065 1802 1100 1836 et
1121 1794 1392 1852 adfiptimum
1412 1796 1539 1853 usquc
1543 1809 1691 1837 aunum
1710 1794 1804 1837 edu.
1819 1805 1821 1807 ’

1051 1863 1184 1905 candi.

484 1952 713 1995 LIBERIS
748 1959 890 1994 autem
926 1950 1035 1993 natis
1068 1960 1197 2008 atque
1223 1951 1368 2005 editis,
1397 1950 1585 1994 multum
1616 1949 1805 1994 intereffe

426 2018 746 2063 existimandum
785 2018 844 2060 est
883 2018 935 2060 ad
973 2019 1159 2075 corporis
1199 2018 1321 2071 vires3
1359 2033 1447 2076 quo
1485 2009 1584 2061 cibo
1620 2017 1803 2061 alantur.

429 2089 618 2146 Apparet
645 2095 804 2139 autem,
823 2087 850 2128 fi
881 2086 977 2143 quis
996 2086 1107 2129 ‘alias
1136 2086 1369 2129 animantes
1398 2096 1443 2128 et
1472 2086 1683 2138 nationes,
1703 2086 1803 2143 qui·

313 2158 410 2199 301
431 2156 514 2198 bus
551 2170 665 2198 curae
704 2155 761 2197 est
799 2154 995 2196 habitum
1040 2153 1157 2196 bello
1195 2163 1342 2211 aptum
1382 2153 1550 2210 corpori
1586 2153 1805 2204 inducere,

427 2223 571 2266 animo
604 2230 843 2280 percurrat:
875 2220 994 2263 laetis
1029 2229 1219 2263 naturam
1257 2221 1586 2272 exuberantem,·
1611 2221 1692 2264 effe
1728 2221 1806 2263 ali-

428 2300 622 2332 mentum
646 2288 894 2346 corporibus
913 2287 1098 2331 maxime
1119 2288 1492 2330 accommodatum
1510 2304 1520 2330 :
1554 2287 1621 2330 sed
1640 2303 1736 2345 quae
1757 2288 1806 2330 fit

428 2358 518 2401 vini
550 2372 715 2414 expers,
749 2363 920 2412 propter
949 2356 1137 2398 morbos.
1197 2356 1401 2398 Praeterea
1428 2365 1472 2399 et
1499 2364 1636 2398 tantas
1666 2354 1802 2413 agita-

428 2426 584 2475 tiones,
605 2433 782 2481 quantas
803 2423 876 2480 qui
900 2421 994 2465 sunt
1023 2437 1073 2464 ea
1103 2431 1244 2474 aetate,
1264 2422 1371 2466 ferre
1398 2422 1576 2480 poffvnt5
1607 2423 1807 2465 adhibere

426 2494 604 2551 prodest.
665 2494 736 2534 Ne
769 2500 911 2534 autem
945 2492 1135 2533 membra
1167 2500 1340 2549 propter*
1363 2491 1805 2546 teneritatemdiflor-

426 2571 650 2620 queantur,
674 2570 852 2604 utuntur
870 2560 1000 2602 etiam
1031 2574 1145 2602 nunc
1175 2560 1389 2603 nonnullae
1419 2561 1611 2603 nationes
1639 2559 1803 2602 machi-

424 2630 491 2672 nis
526 2628 775 2687 quibusdam
808 2636 851 2670 et
882 2627 1168 2670 instrumentis
1198 2627 1367 2670 solerter
1392 2627 1675 2685 excogitatis:
1707 2642 1808 2684 quae·

423 2713 579 2756 corpus
599 2713 764 2750 eorum,
785 2696 858 2754 qui
889 2696 986 2739 sunt
1015 2696 1060 2739 id
1091 2696 1242 2748 aetatis,
1263 2711 1288 2738 a
1316 2697 1573 2753 perversione
1593 2705 1636 2738 et
1655 2696 1804 2742 distor-

424 2767 542 2809 tione
561 2776 750 2809 tuentur.
813 2764 979 2807 Prodest
1007 2773 1051 2806 et
1080 2763 1212 2806 statim
1236 2765 1288 2806 ab
1308 2764 1480 2806 ineunte
1501 2773 1625 2806 aetate
1651 2778 1808 2820 pueros·

425 2833 659 2892 frigoribus
695 2831 971 2876 assuefacere:
1003 2831 1087 2875 hoe
1117 2831 1231 2874 enim
1265 2841 1308 2874 et
1334 2831 1386 2874 ad
1416 2833 1571 2875 bonam
1597 2831 1804 2874 valetudi-
