1898 3308
374 194 461 252 536
817 185 1317 256 AmsTOTELis

376 317 522 374 quales
542 318 622 361 effe
641 326 889 363 autumant:
921 321 1021 364 inde
1043 322 1088 365 fit
1108 330 1157 365 ut
1177 322 1240 365 illi
1257 321 1430 380 quidem
1462 320 1638 379 proinde
1658 334 1709 364 ac
1728 319 1756 363 fi

378 385 456 426 sint
487 387 684 443 aequaleS,
709 388 854 430 omnia
883 390 1062 445 aequalia
1090 390 1162 432 fibi
1191 390 1320 431 tribui
1343 404 1512 446 aequum
1543 389 1624 432 effe
1653 403 1756 431 cen·

377 451 521 496 seant:
554 455 599 497 hi
633 456 810 513 proinde
843 457 953 514 quafi
990 458 1067 500 fint
1097 458 1344 515 inaequales,
1377 457 1584 515 superiora
1613 457 1759 500 omnia
1859 455 1876 512 ,ξ

379 519 535 564 habere
558 523 762 566 studeant.
822 525 938 567 Nam
959 525 1074 581 quod
1096 525 1274 582 superat,
1295 524 1503 582 inaequale
1531 525 1602 567 est.
1662 525 1757 567 Ha·
1866 514 1877 540 '⁵

380 588 485 632 bent
517 590 648 648 igitur
682 607 829 634 omnes
862 583 929 634 hae
962 592 1207 649 reipublicae
1241 592 1574 635 administrandae
1607 591 1758 636 formae

267 659 282 699 1
301 657 327 709 7
336 657 365 699 8
380 657 570 715 aliquid
553 660 680 716 juris,
699 659 769 701 sed
790 660 814 701 s
802 660 1029 717 mpliciter
1048 675 1181 717 pravae
1202 661 1310 703 sunt.
1369 661 1426 705 Et
1453 668 1634 719 propter·
1645 659 1760 704 hanc
1863 704 1875 714 Μ

381 726 563 768 causam
596 742 694 781 cum
728 727 897 784 utrique
933 743 1018 770 non
1057 744 1132 785 pro
1166 728 1235 771 sua
1269 727 1575 771 existimatione
1605 727 1760 786 suaque
1869 733 1898 779 ἲῑ

380 794 597 850 opinione,
620 795 869 852 reipublicae
890 796 1257 839 administrationis
1277 797 1373 839 sunt
1392 795 1649 854 participes,
1643 795 1762 839 fidi-

353 902 361 909 ,
380 862 518 904 tiones
540 862 650 904 inter
670 878 745 905 eos
763 873 1101 906 commoventur.
1162 865 1274 907 Cum
1288 874 1438 907 autem
1464 864 1664 913 omnium·
1681 863 1758 923 ju-

383 930 545 973 stiflime
578 930 801 973 seditiones
833 932 1021 974 excitent
1050 932 1079 973 ii
1111 932 1186 990 qui
1214 933 1371 975 virtute
1404 932 1757 987 excellung-s'tum

382 997 559 1040 minime
579 997 663 1040 hoc
681 998 858 1041 faciunt.
918 1000 1111 1041 Maxime
1141 1000 1256 1042 enim
1287 1000 1503 1056 probabile
1532 1009 1575 1043 et
1604 999 1759 1047 rationi

382 1066 708 1109 consentaneum
740 1068 812 1118 est,
833 1067 912 1110 hos
943 1077 1107 1110 tantum
1140 1069 1378 1125 {impliciter
1406 1069 1485 1112 effe
1513 1069 1758 1128 inaequales.

384 1135 494 1187 Sunt
514 1144 658 1183 autem
679 1135 871 1194 quidam,
893 1136 967 1193 qui
991 1152 1088 1179 cum
1120 1151 1276 1194 genere
1308 1138 1516 1194 praestant,
1535 1138 1691 1196 dignos
1719 1138 1760 1181 se
1882 1146 1898 1194 η

382 1212 535 1261 putant
565 1219 649 1246 non
679 1204 929 1261 aequalibus,
950 1204 1017 1247 sed
1049 1205 1241 1262 pluribus
1270 1214 1314 1247 et
1343 1205 1633 1263 amplioribus,
1658 1220 1757 1264 pro·-
1872 1199 1882 1211 ³

382 1280 478 1328 pter
496 1271 607 1314 hanc
626 1271 987 1328 inaequalitatem-2
1021 1271 1217 1314 videntur
1245 1273 1357 1314 enim
1380 1273 1409 1314 ii
1429 1273 1508 1316 effe
1532 1272 1696 1316 nobiles
1714 1281 1760 1316 et

381 1338 586 1395 generofi,
621 1337 779 1394 quibus
814 1338 1022 1395 majorum
1062 1338 1196 1381 virtus
1234 1348 1278 1380 et
1317 1338 1478 1381 divitiae
1516 1339 1757 1401 suppetunt.

382 1405 591 1462 Principia
610 1405 743 1463 igitur
769 1405 863 1447 haec
885 1406 981 1448 sunt
1000 1405 1087 1448 fere
1106 1401 1378 1458 seditionum,
1400 1406 1444 1449 hi
1468 1405 1612 1450 fontes?
1630 1416 1758 1466 atque

382 1473 453 1520 hae.
469 1473 618 1528 causae,
639 1473 794 1530 quibus
816 1473 982 1530 impulfi
1000 1473 1225 1530 seditiones
1253 1474 1486 1523 concitant.
1510 1491 1515 1495 ’
1541 1470 1760 1520 -Ωιιοαίἱ-οα

381 1541 671 1596 conversiones
700 1551 745 1584 et
776 1536 1132 1586 commutationes
1158 1542 1412 1599 reipublicae:
1433 1541 1759 1603 administratio-7

380 1625 484 1653 num
506 1609 660 1660 merito
682 1610 805 1651 fiunt.
864 1609 1107 1666 Aliquando
1128 1610 1242 1652 enim
1263 1610 1392 1667 ipsam
1412 1611 1660 1668 reipubficae
1672 1612 1757 1664 ad-
1804 1636 1809 1640 ·
1879 1613 1898 1658 i

377 1676 662 1722 ministrandae
682 1677 862 1721 formam
882 1687 1147 1736 oppugnant,
1165 1687 1212 1720 ut
1230 1693 1281 1720 ex
1301 1693 1354 1729 eo
1371 1670 1758 1740 rdpublicae,.st9}tu,
1884 1681 1898 1709 '¹'

378 1748 451 1804 qui
492 1763 607 1794 nunc
645 1748 717 1800 est,
757 1748 883 1790 aliam
920 1747 1166 1804 reipublicae
1202 1746 1757 1810 administrandi-efformam

378 1816 662 1859 constituant:
717 1816 833 1858 verbi
872 1817 1024 1872 gratia,
1063 1831 1117 1858 ex
1154 1816 1414 1862 democratia
1460 1816 1758 1874 olig‘archiam,

376 1894 452 1929 ant
479 1899 531 1927 ex
558 1884 792 1942 oligarchia
820 1884 1139 1936 democratiam,
1161 1892 1236 1927 aut
1264 1899 1316 1927 ex
1344 1883 1645 1942 hispolitiam,
1665 1885 1758 1938 -boe

377 1953 448 2004 est,
481 1952 648 1995 civilem
686 1952 930 2008 reipublicae
962 1951 1362 1994 administrationem
1381 1969 1394 1994 z
1429 1961 1504 1997 aut
1543 1953 1756 2013 aristocra-

376 2020 497 2074 tiam,
529 2030 602 2063 aut
635 2020 710 2063 has
741 2035 794 2062 ex
824 2019 926 2063 illis.
999 2020 1217 2062 Interdum
1250 2035 1335 2062 non
1366 2020 1480 2077 quod
1509 2022 1758 2077 praesentem

374 2087 619 2144 reipublicae
661 2089 808 2131 statum
859 2086 1096 2129 convellere
1138 2096 1214 2129 aut
1258 2087 1488 2131 immutare
1533 2097 1758 2141 conentur,

375 2155 603 2198 diffident:
635 2155 704 2197 sed
734 2156 883 2198 statum
917 2154 1160 2212 reipublicae
1184 2169 1291 2197 -eum
1328 2154 1503 2212 quidem
1532 2156 1608 2212 qui
1642 2171 1759 2207 nunc

377 2223 451 2274 est,
471 2222 671 2264 omnibus
697 2222 792 2274 aliis
817 2231 1109 2279 anteponunt:
1147 2237 1292 2264 verum
1321 2221 1362 2264 se
1385 2221 1672 2275 moderatores
1684 2223 1756 2275 «βί-

378 2293 522 2342 vitatis
551 2300 596 2334 et
624 2291 995 2334 administrationis
1028 2290 1271 2347 reipublicae
1306 2300 1544 2358 compotes
1563 2291 1646 2341 effe,
1682 2306 1757 2341 vp-

378 2361 503 2411 lunt:
533 2360 667 2403 ‘verbi
706 2359 858 2417 gratia,
895 2358 1144 2416 oligarchiae
1184 2366 1259 2401 aut
1297 2358 1571 2405 monarchiae.
1603 2360 1756 2402 ·.›.Prae-

377 2437 493 2471 terea
513 2426 724 2478 interdum
747 2435 911 2469 certant
931 2426 985 2468 de
1005 2426 1266 2468 intendenda
1292 2434 1369 2468 aut
1397 2423 1652 2470 remittenda
1673 2426 1756 2469 rei-

1893 1117 1898 1138 ..›
1896 1101 1898 1108 s
1892 1048 1898 1094 ...ω
1895 1029 1898 1039 ..
1891 1011 1895 1015 ⁴
1886 781 1898 1003 -assa-un-ssss

1886 2412 1898 2440 α

375 2496 560 2553 publicae
588 2494 925 2543 administrandae
954 2493 1105 2544 forma,
1133 2494 1265 2549 (verbi
1289 2494 1450 2550 gratia)
1469 2502 1534 2546 ut,
1556 2509 1652 2550 quae
1671 2494 1754 2546 rei·
1889 2489 1898 2532 1

377 2564 562 2621 publicae
591 2562 892 2612 administratio
920 2561 1156 2618 oligarchia
1185 2562 1256 2613 est,
1278 2561 1327 2603 fit
1351 2570 1425 2604 aut
1443 2561 1578 2611 acrior
1600 2570 1652 2603 et
1678 2576 1754 2603 ex·
1883 2545 1898 2638 Ξ

376 2631 580 2687 (justitior,
601 2640 675 2672 aut
703 2629 861 2671 minus
875 2628 982 2670 acris
1011 2628 1234 2685 minusque
1262 2628 1465 2697 egrquifita
1489 2627 1752 2686 oligarchia.
1887 2639 1898 2678 t

376 2707 452 2740 aut
481 2714 579 2755 qu‘e
607 2697 866 2740 democratia
887 2697 958 2748 est,
981 2696 1043 2738 vel
1067 2695 1270 2738 intentior
1286 2681 1354 2739 vel
1374 2695 1574 2739 remiffior
1602 2695 1754 2740 demo·
1876 2691 1898 2763 ἢ

373 2767 504 2815 cratia
524 2766 624 2807 fiat.
659 2766 849 2822 itemque
878 2764 932 2806 de
961 2764 1136 2821 reliquis
1157 2764 1401 2820 reipublicae
1422 2760 1754 2811 administrandae
1885 2762 1891 2768 ”

372 2834 518 2876 formis
540 2834 588 2876 id·
604 2843 783 2891 pugnat,
813 2841 862 2875 ut
892 2832 957 2881 vel
987 2832 1161 2875 intentae
1193 2832 1271 2876 fint
1299 2832 1364 2875 vel
1392 2832 1582 2875 remiss‘ae.
1641 2833 1751 2898 ¹²¹²?
1874 2763 1898 2919 l

1882 2915 1898 3059 ἒ

1880 3060 1898 3194 ἒ

1878 3214 1898 3303 i
