1898 3308
446 158 543 204 DE
570 151 1005 205 'REPUBLrCA
1051 163 1132 206 Ν.
1166 175 1234 206 11.
1425 167 1507 220 517

126 267 265 342 ὥ
263 275 568 341 eumeulisque
598 290 915 360 oppugnantur,
946 298 1083 341 neque
1120 284 1214 327 aliis
1247 283 1508 338 insidiantur,

118 343 184 409 ᾧ
214 346 334 395 omui
370 344 562 409 periculo·
595 349 679 394 tuti
714 350 892 394 vivunt:
931 350 1077 410 itaque
1115 351 1316 409 praeclare
1351 353 1510 412 optavit

123 404 416 482 Myndos

124 480 131 517 s
224 482 332 544 Effl
347 486 440 530 volo
459 486 561 531 civis
579 488 757 532 medius.-
784 495 955 547 namque
975 488 1118 548 optima
1137 487 1264 530 multa

238 551 344 598 Sunt
359 556 511 600 mediis.

87 611 394 685 Perspicuum
421 625 559 685 igitur
585 627 658 681 est,
677 626 920 671 societatem
949 626 1121 670 civilem
1152 625 1268 669 illam
1288 624 1368 669 effe
1385 627 1499 685 opti·
1520 638 1617 692 157

118 692 263 744 inam,
271 697 370 753 quae
387 707 442 737 ex
459 693 614 738 mediis
634 695 821 739 constat:
853 694 1039 753 talesque
1065 693 1258 738 civitates
1286 694 1398 737 bene
1423 695 1499 738 ad-

120 748 343 806 minitanti
371 761 549 816 licere,
537 779 583 806 m
601 764 759 821 quibus
788 752 931 807 media
959 777 1070 821 pars,
1092 761 1229 805 multa
1246 761 1318 815 est,
1340 770 1385 804 et
1403 762 1501 820 plus

117 814 255 898 potest
279 830 466 874 maxime
490 827 683 890 quidem,
703 846 830 889 quam
860 831 1025 874 ambae.
1058 827 1243 873 secundo
1266 829 1363 873 loco
1383 845 1499 884 vero,

114 899 246 958 quam
277 893 495 943 alterutra.
552 900 810 943 Accrescens
842 899 972 952 enim,
1003 898 1164 956 aliquid
1193 899 1403 941 momenti
1432 898 1498 942 af-

113 960 212 1023 fe‘rt',
241 965 646 1027 inclinationemque
676 969 890 1027 quandam
921 967 1038 1021 facit,
1059 977 1104 1010 et
1134 968 1267 1010 obstat
1297 982 1351 1010 ne
1380 967 1496 1010 acci-

112 1030 221 1076 dant
234 1035 455 1080 contrariae
475 1037 791 1114 exsuperantiae.
853 1036 1124 1094 Quapropter
1152 1035 1327 1078 summae
1355 1035 1496 1079 felici-

111 1091 228 1145 tatis
244 1103 334 1156 est,
347 1118 438 1158 eos,
472 1104 548 1163 qui
578 1105 621 1148 in
657 1104 840 1148 civitatis
870 1103 1230 1147 administratione
1264 1104 1495 1158 versantur,

110 1182 204 1212 rem
236 1163 489 1216 familiarem
521 1180 567 1216 et
602 1172 862 1216 mediocrem
893 1181 938 1215 et
962 1171 1116 1230 justam
1147 1171 1320 1214 habere.
1378 1173 1493 1216 Nam

111 1231 188 1280 ubi
207 1238 280 1282 alii
297 1238 419 1284 valde
436 1240 617 1284 multam
639 1250 684 1284 et
702 1241 888 1299 amplam
906 1240 1083 1293 habent,
1103 1239 1176 1282 alii
1197 1239 1387 1283 nullam:
1419 1250 1495 1285 aut

109 1298 371 1352 democratia
389 1308 438 1351 fit
453 1309 660 1367 postrema
677 1317 722 1352 et
741 1307 982 1361 deterrima,
1003 1316 1078 1351 aut
1097 1322 1215 1350 mera
1242 1307 1492 1366 oligarchia,

108 1379 185 1416 aut
210 1373 420 1433 tyrannis,
440 1386 612 1435 propter
638 1384 866 1434 utramque
896 1375 1198 1419 excellentiam
1218 1383 1347 1433 atque
1368 1377 1491 1420 exsui

105 1442 368 1499 perantiam.
400 1452 500 1487 nam
527 1459 582 1488 ex
611 1443 871 1488 democratia
894 1442 1094 1487 valentifl'
1098 1458 1169 1485 ma
1201 1451 1245 1485 et
1271 1444 1489 1500 acerrima,

104 1519 149 1553 et
168 1525 222 1554 ex
241 1510 477 1572 oligarchia
497 1512 680 1556 nascitur
698 1512 918 1572 tyrannis.
951 1525 1003 1555 ex
1023 1511 1175 1554 mediis
1195 1526 1295 1554 vero
1323 1521 1368 1555 et
1397 1514 1488 1556 affi-

105 1566 233 1623 nibus
260 1579 399 1623 multo
429 1581 601 1624 minus·
633 1581 754 1640 cujus
775 1580 836 1623 rei
858 1580 1025 1623 causam
1053 1579 1287 1637 posterius
1276 1595 1320 1622 1n
1341 1580 1487 1639 dispu-

102 1645 339 1705 tationibus
372 1649 427 1692 de
460 1649 707 1708 reipublicae
735 1648 1144 1692 administrationum
1174 1648 1489 1695 mutationibus

29 1755 45 1775 ο.
101 1722 152 1758 et‘
178 1717 538 1771 conversionibus,
567 1732 846 1776 exponemus.
904 1716 1098 1774 Mediam
1135 1725 1279 1759 autem
1311 1717 1487 1776 reipub-

99 1783 196 1827 licae
214 1783 554 1829 administrandae
573 1785 754 1829 formam
777 1785 857 1829 effe
874 1778 1097 1842 optimam,
1117 1784 1382 1842 perspicuum
1404 1787 1486 1840 est,
1473 1803 1486 1815 ·

100 1847 188 1895 sola
205 1852 321 1896 enim
340 1852 617 1897 seditionibus
638 1869 722 1896 non
744 1854 802 1897 est
822 1852 1001 1896 infecta:
1035 1852 1111 1895 ubi
1131 1851 1247 1895 enim
1265 1852 1351 1896 late
1369 1862 1487 1912 patet

99 1919 148 1964 id
164 1920 283 1980 quod
301 1921 573 1981 interjessum
594 1922 787 1966 medium
805 1923 877 1976 est,
897 1921 1076 1973 minime
1091 1920 1318 1965 seditiones
1338 1923 1484 1966 oriun-

97 1995 188 2042 t'u'r,
226 1989 492 2049 minimeque
525 1989 744 2034 divellitur
773 1988 1181 2067 rerumpublicarum
1222 1989 1483 2048 conjune’tio.

98 2057 249 2117 Atque
260 2058 318 2101 ob
336 2059 517 2102 eandem
532 2057 696 2102 causam
713 2074 883 2117 magnae
897 2057 962 2100 civ
966 2057 1090 2100 itates
1102 2057 1245 2101 minus
1260 2058 1358 2102 sunt
1371 2059 1480 2103 sedi-

96 2124 291 2170 tionibus
304 2135 574 2186 opportunae,
590 2142 746 2185 nempe
765 2127 867 2186 quia
885 2126 930 2169 id
950 2125 1068 2184 quod
1090 2125 1280 2169 medium
1302 2127 1375 2179 est,
1396 2128 1482 2172 late

94 2203 229 2254 patet.
289 2196 341 2239 In
368 2195 506 2254 parvis
540 2208 640 2240 vero
669 2211 770 2239 cum
799 2195 923 2238 facile
953 2195 1002 2238 fit
1032 2194 1146 2238 cives
1174 2209 1324 2238 omnes
1349 2195 1410 2239 ita
1435 2197 1479 2241 in

93 2256 361 2323 duaspartes
383 2264 597 2320 dirimere,
627 2274 677 2308 ut
705 2264 813 2308 nihil
843 2264 1107 2322 relinquatur
1132 2263 1353 2308 medium:
1383 2274 1478 2311 tum

93 2346 244 2376 omnes
277 2331 364 2376 fere
391 2340 468 2376 aut
498 2341 676 2391 egentes
706 2333 819 2386 sunt,
855 2340 930 2374 aut
962 2330 1211 2389 locupletes·
1272 2333 1479 2378 Praeterea

90 2399 364 2445 democratiae
393 2399 640 2460 oligarchiis
663 2401 760 2444 sunt
779 2415 805 2443 a
823 2399 957 2444 ruiuae
985 2399 1175 2457 periculo
1204 2401 1476 2458 munitiores,

92 2477 136 2512 et
153 2467 208 2512 ad
226 2468 554 2513 diuturnitatem
588 2468 832 2521 stabiliores,
853 2478 1025 2527 propter
1055 2467 1236 2512 medios.
1294 2470 1410 2513 Nam
1431 2480 1477 2515 et

91 2537 234 2596 plures
265 2536 376 2592 funt,
411 2545 456 2581 et
486 2537 699 2581 honorum
734 2538 831 2580 sunt
863 2536 1089 2594 participes
1122 2536 1167 2579 in
1202 2537 1476 2584 democratiis

90 2603 231 2664 magis
251 2619 380 2664 quam
401 2605 447 2648 in
466 2604 730 2663 oligarchiis.
791 2603 906 2648 Cum
937 2605 1053 2648 enim
1085 2605 1169 2647 fine
1197 2605 1266 2648 his
1295 2616 1475 2665 egentes

0 2654 15 2709 ἠ
88 2683 140 2715 ae
157 2680 310 2716 tenues
327 2672 606 2716 multitudine
624 2672 833 2731 superant,
856 2672 968 2715 male
988 2686 1078 2715 rem
1097 2672 1214 2716 suam
1234 2675 1349 2732 gerit
1368 2676 1473 2719 civi-

87 2748 168 2794 tas,
187 2746 234 2784 et
260 2741 306 2784 in
333 2741 554 2799 peffimum
583 2741 731 2785 locum
762 2740 938 2784 deduffl
971 2740 1088 2783 cives
1120 2740 1209 2785 cito
1238 2741 1473 2788 intereunt.

82 2808 360 2867 Argumento
387 2817 533 2855 autem
561 2809 665 2854 huic
694 2809 755 2853 rei
786 2809 867 2867 effe
897 2809 1130 2854 existimare
1148 2818 1334 2868 oportet,
1354 2813 1472 2872 quod

740 2892 766 2920 ι.
783 2876 799 2919 l
818 2891 843 2935 3
