1898 3308
488 190 573 236 σόα
926 175 1431 241 ΑΒῙεΤοΤΕιῐε»

486 327 586 356 nem
617 313 937 361 introducendae
965 319 1074 372 sunt,
1101 334 1240 378 neque
1270 319 1385 364 aliud
1414 330 1622 377 organum
1640 311 1864 363 artificum

486 382 716 439 proprium,
748 376 884 442 qualis
917 387 975 429 est
1008 388 1184 439 cithara,
1217 396 1262 431 et
1297 387 1441 445 fiquod
1475 384 1594 429 aliud
1623 383 1682 428 ‘est
1709 382 1861 441 ,hujus-

485 449 632 495 modi:
662 452 745 496 fied¹
765 468 814 496 ea
842 454 928 497 sola
954 470 1052 512 quae
1079 455 1265 499 efficient
1286 470 1360 499 eos
1388 455 1525 504 bonos
1543 452 1760 500 auditam
1787 457 1864 495 aut

483 517 687 563 doitrinae
718 522 900 575 muficae,
921 531 996 565 aut
1022 522 1144 566 alius.
1204 525 1408 567 Praeterea
1425 523 1530 567 tibia
1548 537 1634 565 non
1655 521 1713 565 est
1732 533 1856 578 orga-

485 600 590 629 num
618 588 673 631 ad
705 603 845 632 mores
877 589 1066 633 mitiores
1095 590 1392 647 exprimendos
1420 600 1497 634 aut
1516 588 1760 635 inserendos
1779 602 1857 644 ap-

483 660 576 699 tum
603 655 810 711 (ethicum
842 657 982 699 Graeci
1011 657 1242 714 appellant,
1263 673 1341 701 nos
1368 657 1529 700 morale
1555 656 1768 712 dicamus)
1789 653 1861 698 sed

479 721 624 778 potius
658 723 712 765 ad
743 723 908 766 animos
941 723 1085 770 furore
1118 725 1306 781 quodam
1338 724 1551 768 Bacchico
1585 721 1860 770 stimulandos

476 790 868 833 accommodatum.
929 792 1074 835 Quare
1093 782 1542 851 talibus'temporibus
1568 805 1623 837 eo
1648 789 1860 834 utendum

478 856 553 908 est,
574 858 731 914 quibus
751 858 843 916 ejus
861 859 960 902 usus
979 860 1092 903 valet
1109 861 1161 904 ad
1181 861 1344 904 animos
1373 861 1604 919 expiandos
1624 859 1861 917 potina-ao

410 932 412 934 ’
478 924 712 969 lustrandos
741 927 815 970 seu
843 929 1101 986 purgandos,
1123 945 1252 986 quam
1271 930 1323 973 ad
1345 928 1634 974 erudiendos-1
1674 927 1762 974 His
1786 941 1861 970 ac·-

478 994 618 1047 cedat,
639 995 789 1039 tibiam
821 997 903 1040 hoc
933 998 1088 1042 habere
1114 998 1366 1042 institutioni
1385 1007 1429 1042 et
1447 998 1648 1042 ‹io-arina
1666 997 1859 1041 adversa-

477 1062 607 1116 rium,
629 1065 746 1122 quod
774 1065 894 1108 tibiae
925 1075 1073 1109 cantus
1102 1067 1302 1124 prohibet
1321 1067 1484 1110 ratione
1501 1065 1584 1110 uti.
1643 1064 1859 1111 Quocirca

478 1131 593 1174 reete
611 1141 771 1176 veteres
792 1133 883 1191 ejus
902 1135 1025 1177 usum
1046 1136 1090 1178 in
1111 1136 1253 1194 pueris
1271 1151 1323 1189 ac
1342 1136 1487 1179 liberis
1506 1133 1754 1179 hominibus
1771 1134 1857 1177 im-

478 1198 725 1254 probarunt,
755 1214 854 1242 cum
884 1209 1010 1243 antea
1027 1216 1079 1244 eo
1105 1202 1160 1244 ufi
1183 1202 1341 1245 effent:
1373 1202 1510 1244 otium
1538 1201 1655 1244 enim
1682 1200 1860 1244 uberius

478 1279 532 1307 ex
552 1267 745 1309 omnium
765 1283 903 1311 rerum
935 1269 1057 1326 copia
1086 1270 1214 1322 naffi,
1234 1270 1493 1328 majoresque
1511 1269 1677 1312 animos
1695 1268 1749 1313 ad
1769 1269 1858 1312 vir-

479 1341 619 1376 tutem
652 1335 882 1388 consecuti,
918 1346 1012 1379 tum
1048 1336 1332 1394 superioribus
1364 1336 1650 1394 temporibus,
1683 1345 1729 1382 et
1766 1337 1857 1394 post

478 1399 643 1444 bellum
663 1402 866 1445 Persicum
897 1417 951 1446 ex
976 1404 1102 1446 rebus
1130 1403 1295 1447 fortiter
1313 1412 1357 1447 et
1376 1403 1576 1461 praeclare
1590 1403 1855 1462 ,gestisfero-

361 1468 613 1519 320ciores
643 1478 688 1512 et
714 1470 912 1514 elatiores
941 1470 1094 1524 effeffi,
1115 1487 1244 1516 omne
1275 1471 1504 1530 disciplinae
1529 1487 1669 1530 genus
1695 1473 1855 1531 attige-

475 1546 592 1591 runt,
614 1539 779 1583 nullum
808 1539 1022 1583 deleRum
1051 1540 1319 1593 adhibentes,
1338 1542 1408 1584 sed
1427 1541 1551 1584 aliam
1577 1549 1707 1600 atque
1726 1541 1856 1587 aliam

474 1606 642 1664 insuper
660 1606 935 1666 indagantes:
966 1619 1220 1667 quapropter
1248 1610 1376 1652 etiam
1399 1617 1534 1652 artem
1553 1608 1657 1653 tibia
1675 1610 1856 1656 canendi

474 1675 528 1718 ad
556 1675 868 1733 disciplinarum
899 1691 1125 1719 numerum
1154 1686 1476 1735 aggregarunt.·
1516 1676 1686 1721 Etenim
1717 1679 1855 1722 Lace-

475 1742 672 1787 daemone
692 1743 882 1801 quidam,
904 1745 980 1802 qui
1000 1744 1199 1787 ludorum
1216 1746 1408 1802 sumptus
1426 1745 1718 1803 suppeditabat
1733 1747 1858 1802 (cho-

475 1826 626 1870 ragum
665 1812 880 1869 appellant
914 1812 1074 1866 Graeci)
1112 1812 1198 1870 ipse
1231 1813 1364 1856 choro
1398 1813 1545 1856 tibiam
1581 1813 1773 1857 inflavit=
1811 1823 1856 1859 et

474 1879 662 1922 Athenis
690 1880 752 1923 ita
780 1880 1008 1932 increbuit,
1041 1889 1089 1923 ut
1119 1880 1206 1923 fere
1235 1880 1422 1938 plerique
1450 1879 1575 1924 liberi
1603 1889 1648 1924 et
1674 1881 1856 1941 ingenui

474 1947 672 1991 homines
691 1948 798 1991 tibia
823 1956 1037 1992 canerent.
1095 1950 1243 2007 Atque
1263 1949 1347 1992 hoc
1365 1964 1419 1992 ex
1437 1964 1487 1993 ea
1505 1950 1651 1994 tabula
1668 1961 1854 2009 apparet,

475 2031 606 2073 quam
635 2017 884 2075 Thrasippus
915 2017 953 2060 is
987 2018 1062 2074 qui
1098 2018 1379 2076 Ecphantidae
1406 2018 1606 2063 ludorum
1638 2020 1855 2079 sumptum

476 2084 779 2141 suppeditarat,
798 2084 1033 2127 dedicavit:
1066 2086 1265 2142 posterius
1284 2101 1380 2129 vero
1399 2085 1532 2144 spreta
1548 2096 1679 2145 atque
1698 2090 1859 2147 impro-

475 2151 575 2195 bata
602 2153 658 2194 est
687 2152 876 2209 periculo
896 2152 986 2210 ejus
1006 2153 1135 2206 saeco,
1157 2169 1254 2196 cum
1268 2153 1361 2211 jam
1382 2153 1554 2208 melius,
1574 2155 1678 2212 quid
1697 2157 1753 2200 ad
1773 2158 1857 2202 vir-

475 2226 613 2260 tutem
648 2219 817 2272 valeret,
852 2220 958 2277 quid
989 2235 1092 2273 non,
1116 2220 1310 2278 judicare
1339 2222 1514 2279 poffent.
1575 2223 1781 2269 Similiter
1810 2234 1856 2271 et

474 2287 613 2330 multa
632 2303 792 2346 organa
811 2298 964 2342 vetera,
986 2298 1036 2332 ut
1057 2289 1242 2345 peetides
1262 2299 1307 2332 et
1324 2290 1498 2342 barbiti,
1518 2299 1562 2334 et
1585 2307 1684 2349 quae
1702 2293 1756 2336 ad
1776 2309 1855 2338 vo-

474 2354 659 2412 luptates
679 2371 825 2399 eorum
857 2357 1087 2413 pertinent,
1107 2358 1181 2414 qui
1211 2368 1404 2401 cantores
1430 2359 1611 2403 audiunt
1637 2360 1700 2404 eis
1728 2370 1854 2406 uten-

476 2431 568 2465 tes:
600 2422 720 2480 cujus
738 2424 907 2482 generis
926 2425 1023 2467 sunt
1043 2425 1305 2483 septangula,
1325 2441 1422 2482 quae
1450 2426 1692 2485 heptagona
1712 2430 1854 2473 norni-

475 2500 582 2535 nant
613 2493 773 2544 Graeci,
805 2500 848 2534 et
880 2492 1106 2551 triangula,
1140 2509 1237 2551 quae
1270 2494 1454 2552 trigona,
1483 2504 1528 2541 et
1556 2495 1780 2551 sambucae,
1810 2507 1856 2542 et

475 2560 636 2611 omnia,
656 2574 751 2616 quae
771 2559 988 2605 scientiam
1009 2561 1051 2603 in
1073 2575 1278 2604 manuum
1308 2575 1436 2618 opere
1463 2577 1724 2621 munereque
1742 2566 1854 2622 pofi-

476 2634 564 2668 tam
587 2626 835 2670 defiderant.
893 2628 1042 2671 Habet
1067 2638 1210 2671 autern
1232 2629 1438 2673 rationem
1459 2631 1719 2687 probabilem
1740 2641 1785 2676 et
1804 2649 1855 2678 ea

476 2696 531 2738 de
561 2696 676 2738 tibiis
705 2697 863 2748 fabula,
884 2712 1013 2754 quam
1045 2697 1340 2742 confinxerunt
1364 2707 1556 2744 veteres:
1586 2700 1706 2743 aiunt
1734 2703 1850 2746 enim

474 2763 715 2806 Minervam
737 2763 862 2807 tibias
883 2779 908 2806 a
928 2764 966 2807 se
995 2773 1191 2821 repertaS,
1216 2765 1422 2823 abjecifl'e.
1483 2767 1749 2825 Cumigitur
1764 2769 1853 2814 hoc

475 2844 647 2888 quoque
666 2831 794 2877 liceat
812 2831 969 2885 dicere,
990 2831 1131 2887 deam,
1152 2832 1272 2891 quod
1298 2832 1384 2881 oris
1411 2831 1680 2881 deformitate
1696 2835 1852 2893 offensa
