<?xml version="1.0" encoding="UTF-8"?>
<!DOCTYPE html PUBLIC "-//W3C//DTD XHTML 1.0 Transitional//EN"
    "http://www.w3.org/TR/xhtml1/DTD/xhtml1-transitional.dtd">
<html xmlns="http://www.w3.org/1999/xhtml" xml:lang="en" lang="en">
 <head>
  <title>
</title>
<meta http-equiv="Content-Type" content="text/html;charset=utf-8" />
  <meta name='ocr-system' content='tesseract 3.04.00' />
  <meta name='ocr-capabilities' content='ocr_page ocr_carea ocr_par ocr_line ocrx_word'/>
</head>
<body>
  <div class='ocr_page' id='page_1' title='image "./politicagreeklat02arisuoft_0196.png"; bbox 0 0 1898 3308; ppageno 0'>
   <div class='ocr_carea' id='block_1_1' title="bbox 421 177 1349 233">
    <p class='ocr_par' dir='ltr' id='par_1_1' title="bbox 421 177 1349 233">
     <span class='ocr_line' id='line_1_1' title="bbox 421 177 1349 233; baseline 0.002 -11"><span class='ocrx_word' id='word_1_1' title='bbox 421 192 506 233; x_wconf 76' lang='lat'>420</span> <span class='ocrx_word' id='word_1_2' title='bbox 836 177 1349 225; x_wconf 55' lang='lat' dir='ltr'><strong>=ARISTOTE⁴L15</strong></span> 
     </span>
    </p>
   </div>
   <div class='ocr_carea' id='block_1_2' title="bbox 413 300 1786 633">
    <p class='ocr_par' dir='ltr' id='par_1_2' title="bbox 417 300 1786 633">
     <span class='ocr_line' id='line_1_2' title="bbox 418 300 1784 364; baseline 0.004 -22"><span class='ocrx_word' id='word_1_3' title='bbox 418 301 624 364; x_wconf 71' lang='lat' dir='ltr'>procreati</span> <span class='ocrx_word' id='word_1_4' title='bbox 656 301 775 356; x_wconf 78' lang='lat' dir='ltr'>sunt,</span> <span class='ocrx_word' id='word_1_5' title='bbox 802 303 1064 357; x_wconf 80' lang='lat' dir='ltr'>moriantur,</span> <span class='ocrx_word' id='word_1_6' title='bbox 1092 311 1148 353; x_wconf 50' lang='lat' dir='ltr'>¹et</span> <span class='ocrx_word' id='word_1_7' title='bbox 1182 300 1360 346; x_wconf 81' lang='lat' dir='ltr'>aliorum</span> <span class='ocrx_word' id='word_1_8' title='bbox 1398 301 1563 346; x_wconf 87' lang='lat' dir='ltr'>civium.</span> <span class='ocrx_word' id='word_1_9' title='bbox 1593 302 1784 347; x_wconf 57' lang='lat' dir='ltr'>orbita&amp;</span> 
     </span>
     <span class='ocr_line' id='line_1_3' title="bbox 418 368 1785 429; baseline 0.003 -19"><span class='ocrx_word' id='word_1_10' title='bbox 418 368 657 413; x_wconf 86' lang='lat' dir='ltr'><strong>habendam</strong></span> <span class='ocrx_word' id='word_1_11' title='bbox 674 370 754 414; x_wconf 79' lang='lat' dir='ltr'>effe</span> <span class='ocrx_word' id='word_1_12' title='bbox 772 371 994 414; x_wconf 88' lang='lat' dir='ltr'>rationem.</span> <span class='ocrx_word' id='word_1_13' title='bbox 1048 373 1152 414; x_wconf 51' lang='lat' dir='ltr'>‘Hoc</span> <span class='ocrx_word' id='word_1_14' title='bbox 1175 385 1275 413; x_wconf 89' lang='lat' dir='ltr'>vero</span> <span class='ocrx_word' id='word_1_15' title='bbox 1295 370 1320 412; x_wconf 82' lang='lat' dir='ltr'>fi</span> <span class='ocrx_word' id='word_1_16' title='bbox 1342 369 1498 427; x_wconf 86' lang='lat' dir='ltr'>cuique</span> <span class='ocrx_word' id='word_1_17' title='bbox 1523 369 1785 429; x_wconf 58' lang='lat' dir='ltr'>relinquatur</span> 
     </span>
     <span class='ocr_line' id='line_1_4' title="bbox 417 435 1783 498; baseline 0.003 -20"><span class='ocrx_word' id='word_1_18' title='bbox 417 435 596 481; x_wconf 88' lang='lat' dir='ltr'>liberum</span> <span class='ocrx_word' id='word_1_19' title='bbox 613 454 664 482; x_wconf 84' lang='lat' dir='ltr'>ac</span> <span class='ocrx_word' id='word_1_20' title='bbox 683 438 880 492; x_wconf 82' lang='lat' dir='ltr'>solutum,</span> <span class='ocrx_word' id='word_1_21' title='bbox 899 439 1156 498; x_wconf 80' lang='lat' dir='ltr'>paupertatis</span> <span class='ocrx_word' id='word_1_22' title='bbox 1179 440 1342 482; x_wconf 87' lang='lat' dir='ltr'>causam</span> <span class='ocrx_word' id='word_1_23' title='bbox 1362 439 1524 482; x_wconf 85' lang='lat' dir='ltr'>civibus</span> <span class='ocrx_word' id='word_1_24' title='bbox 1540 439 1783 483; x_wconf 58' lang='lat' dir='ltr'>afferamu-</span> 
     </span>
     <span class='ocr_line' id='line_1_5' title="bbox 419 505 1786 565; baseline 0.001 -18"><span class='ocrx_word' id='word_1_25' title='bbox 419 505 523 548; x_wconf 82' lang='lat' dir='ltr'>ceffe</span> <span class='ocrx_word' id='word_1_26' title='bbox 542 507 628 550; x_wconf 88' lang='lat' dir='ltr'>est.</span> <span class='ocrx_word' id='word_1_27' title='bbox 671 507 733 549; x_wconf 89' lang='lat' dir='ltr'>At</span> <span class='ocrx_word' id='word_1_28' title='bbox 755 516 976 564; x_wconf 79' lang='lat' dir='ltr'>paupertas</span> <span class='ocrx_word' id='word_1_29' title='bbox 1005 507 1249 550; x_wconf 83' lang='lat' dir='ltr'>seditionem</span> <span class='ocrx_word' id='word_1_30' title='bbox 1283 506 1350 549; x_wconf 90' lang='lat' dir='ltr'>in</span> <span class='ocrx_word' id='word_1_31' title='bbox 1346 507 1461 551; x_wconf 79' lang='lat' dir='ltr'>urbe</span> <span class='ocrx_word' id='word_1_32' title='bbox 1486 506 1723 565; x_wconf 54' lang='lat' dir='ltr'>ingenuit,</span> <span class='ocrx_word' id='word_1_33' title='bbox 1742 508 1786 548; x_wconf 62' lang='grc' dir='ltr'>ἀ</span> 
     </span>
     <span class='ocr_line' id='line_1_6' title="bbox 413 572 1783 633; baseline 0.002 -20.011"><span class='ocrx_word' id='word_1_34' title='bbox 413 572 690 618; x_wconf 85' lang='lat' dir='ltr'>maleficium.</span> <span class='ocrx_word' id='word_1_35' title='bbox 749 577 898 633; x_wconf 85' lang='lat' dir='ltr'>Itaque</span> <span class='ocrx_word' id='word_1_36' title='bbox 927 574 1090 618; x_wconf 86' lang='lat' dir='ltr'>Phidon</span> <span class='ocrx_word' id='word_1_37' title='bbox 1115 573 1362 618; x_wconf 78' lang='lat' dir='ltr'>Corinthius</span> <span class='ocrx_word' id='word_1_38' title='bbox 1381 574 1490 616; x_wconf 82' lang='lat' dir='ltr'>lator.</span> <span class='ocrx_word' id='word_1_39' title='bbox 1507 573 1671 632; x_wconf 79' lang='lat' dir='ltr'>legum</span> <span class='ocrx_word' id='word_1_40' title='bbox 1678 587 1783 629; x_wconf 70' lang='grc' dir='ltr'>ιιιιῃι</span> 
     </span>
    </p>
   </div>
   <div class='ocr_carea' id='block_1_3' title="bbox 339 641 1783 766">
    <p class='ocr_par' dir='ltr' id='par_1_3' title="bbox 339 641 1783 766">
     <span class='ocr_line' id='line_1_7' title="bbox 339 641 1783 718; baseline 0.001 -35"><span class='ocrx_word' id='word_1_41' title='bbox 339 642 407 685; x_wconf 84' lang='lat'>50</span> <span class='ocrx_word' id='word_1_42' title='bbox 419 655 563 697; x_wconf 78' lang='lat' dir='ltr'>primis</span> <span class='ocrx_word' id='word_1_43' title='bbox 592 643 810 701; x_wconf 74' lang='lat' dir='ltr'>antiquuS,</span> <span class='ocrx_word' id='word_1_44' title='bbox 843 651 887 686; x_wconf 90' lang='lat' dir='ltr'>et</span> <span class='ocrx_word' id='word_1_45' title='bbox 916 643 1067 686; x_wconf 86' lang='lat' dir='ltr'>domos</span> <span class='ocrx_word' id='word_1_46' title='bbox 1098 641 1284 700; x_wconf 77' lang='lat' dir='ltr'>aequales</span> <span class='ocrx_word' id='word_1_47' title='bbox 1315 655 1560 718; x_wconf 75' lang='lat' dir='ltr'>permanere</span> <span class='ocrx_word' id='word_1_48' title='bbox 1581 643 1783 698; x_wconf 55' lang='lat' dir='ltr'>oportere</span> 
     </span>
     <span class='ocr_line' id='line_1_8' title="bbox 417 707 1783 766; baseline 0.001 -16"><span class='ocrx_word' id='word_1_49' title='bbox 417 709 679 763; x_wconf 88' lang='lat' dir='ltr'>existimavit,</span> <span class='ocrx_word' id='word_1_50' title='bbox 714 718 758 753; x_wconf 92' lang='lat' dir='ltr'>et</span> <span class='ocrx_word' id='word_1_51' title='bbox 787 710 1107 753; x_wconf 84' lang='lat' dir='ltr'>multitudinem</span> <span class='ocrx_word' id='word_1_52' title='bbox 1148 709 1321 762; x_wconf 90' lang='lat' dir='ltr'>civium,</span> <span class='ocrx_word' id='word_1_53' title='bbox 1354 707 1554 766; x_wconf 82' lang='lat' dir='ltr'>quam&#39;vis</span> <span class='ocrx_word' id='word_1_54' title='bbox 1564 707 1783 752; x_wconf 64' lang='lat' dir='ltr'>mih-ie</span> 
     </span>
    </p>
   </div>
   <div class='ocr_carea' id='block_1_4' title="bbox 365 772 1782 970">
    <p class='ocr_par' dir='ltr' id='par_1_4' title="bbox 365 772 1782 970">
     <span class='ocr_line' id='line_1_9' title="bbox 365 772 1781 836; baseline -0.001 -17"><span class='ocrx_word' id='word_1_55' title='bbox 365 808 369 811; x_wconf 88' lang='lat'>-</span> <span class='ocrx_word' id='word_1_56' title='bbox 415 778 469 820; x_wconf 87' lang='lat' dir='ltr'>ab</span> <span class='ocrx_word' id='word_1_57' title='bbox 481 777 611 821; x_wconf 83' lang='lat' dir='ltr'>initio</span> <span class='ocrx_word' id='word_1_58' title='bbox 640 779 785 835; x_wconf 83' lang='lat' dir='ltr'>sortito</span> <span class='ocrx_word' id='word_1_59' title='bbox 811 778 1056 836; x_wconf 78' lang='lat' dir='ltr'>obtigiffent</span> <span class='ocrx_word' id='word_1_60' title='bbox 1083 786 1219 835; x_wconf 89' lang='lat' dir='ltr'>partes</span> <span class='ocrx_word' id='word_1_61' title='bbox 1250 778 1476 820; x_wconf 87' lang='lat' dir='ltr'>bonorum</span> <span class='ocrx_word' id='word_1_62' title='bbox 1481 772 1781 835; x_wconf 55' lang='lat' dir='ltr'>magnitudine</span> 
     </span>
     <span class='ocr_line' id='line_1_10' title="bbox 414 840 1782 902; baseline -0.001 -16"><span class='ocrx_word' id='word_1_63' title='bbox 414 840 658 902; x_wconf 79' lang='lat' dir='ltr'>inaequales.</span> <span class='ocrx_word' id='word_1_64' title='bbox 718 847 779 889; x_wconf 94' lang='lat' dir='ltr'>At</span> <span class='ocrx_word' id='word_1_65' title='bbox 809 846 854 888; x_wconf 90' lang='lat' dir='ltr'>in</span> <span class='ocrx_word' id='word_1_66' title='bbox 887 846 955 888; x_wconf 90' lang='lat' dir='ltr'>his</span> <span class='ocrx_word' id='word_1_67' title='bbox 987 845 1156 902; x_wconf 84' lang='lat' dir='ltr'>legibus</span> <span class='ocrx_word' id='word_1_68' title='bbox 1191 844 1448 887; x_wconf 86' lang='lat' dir='ltr'>contrarium</span> <span class='ocrx_word' id='word_1_69' title='bbox 1473 843 1546 886; x_wconf 86' lang='lat' dir='ltr'>est.</span> <span class='ocrx_word' id='word_1_70' title='bbox 1604 841 1782 898; x_wconf 66' lang='lat' dir='ltr'>Sed-‘iiis</span> 
     </span>
     <span class='ocr_line' id='line_1_11' title="bbox 413 909 1782 970; baseline 0 -16"><span class='ocrx_word' id='word_1_71' title='bbox 413 912 585 968; x_wconf 88' lang='lat' dir='ltr'>quidem</span> <span class='ocrx_word' id='word_1_72' title='bbox 613 913 666 955; x_wconf 93' lang='lat' dir='ltr'>de</span> <span class='ocrx_word' id='word_1_73' title='bbox 684 914 810 956; x_wconf 90' lang='lat' dir='ltr'>rebus</span> <span class='ocrx_word' id='word_1_74' title='bbox 839 927 1024 970; x_wconf 86' lang='lat' dir='ltr'>quonam</span> <span class='ocrx_word' id='word_1_75' title='bbox 1054 912 1184 954; x_wconf 89' lang='lat' dir='ltr'>modo</span> <span class='ocrx_word' id='word_1_76' title='bbox 1212 911 1252 954; x_wconf 90' lang='lat' dir='ltr'>se</span> <span class='ocrx_word' id='word_1_77' title='bbox 1279 910 1431 954; x_wconf 89' lang='lat' dir='ltr'>melius</span> <span class='ocrx_word' id='word_1_78' title='bbox 1457 910 1545 954; x_wconf 83' lang='lat' dir='ltr'>effe</span> <span class='ocrx_word' id='word_1_79' title='bbox 1565 909 1782 962; x_wconf 56' lang='lat' dir='ltr'>habitum</span> 
     </span>
    </p>
   </div>
   <div class='ocr_carea' id='block_1_5' title="bbox 395 977 1779 1918">
    <p class='ocr_par' dir='ltr' id='par_1_5' title="bbox 395 977 1779 1918">
     <span class='ocr_line' id='line_1_12' title="bbox 402 977 1779 1038; baseline 0 -18"><span class='ocrx_word' id='word_1_80' title='bbox 402 980 676 1038; x_wconf 72' lang='lat' dir='ltr'>arbitremur,</span> <span class='ocrx_word' id='word_1_81' title='bbox 698 979 998 1037; x_wconf 87' lang='lat' dir='ltr'>posteriuserit</span> <span class='ocrx_word' id='word_1_82' title='bbox 1017 978 1313 1022; x_wconf 82' lang='lat' dir='ltr'>differendum.</span> <span class='ocrx_word' id='word_1_83' title='bbox 1361 978 1521 1021; x_wconf 84' lang='lat' dir='ltr'>Omiffa</span> <span class='ocrx_word' id='word_1_84' title='bbox 1540 977 1636 1022; x_wconf 76' lang='lat' dir='ltr'>sum</span> <span class='ocrx_word' id='word_1_85' title='bbox 1655 988 1779 1035; x_wconf 81' lang='lat' dir='ltr'>porro</span> 
     </span>
     <span class='ocr_line' id='line_1_13' title="bbox 412 1043 1776 1106; baseline -0.001 -17"><span class='ocrx_word' id='word_1_86' title='bbox 412 1048 455 1089; x_wconf 88' lang='lat' dir='ltr'>in</span> <span class='ocrx_word' id='word_1_87' title='bbox 485 1048 553 1090; x_wconf 89' lang='lat' dir='ltr'>his</span> <span class='ocrx_word' id='word_1_88' title='bbox 583 1043 755 1106; x_wconf 85' lang='lat' dir='ltr'>legibus</span> <span class='ocrx_word' id='word_1_89' title='bbox 784 1055 829 1090; x_wconf 87' lang='lat' dir='ltr'>et</span> <span class='ocrx_word' id='word_1_90' title='bbox 857 1062 908 1090; x_wconf 89' lang='lat' dir='ltr'>ea</span> <span class='ocrx_word' id='word_1_91' title='bbox 936 1062 1035 1105; x_wconf 81' lang='lat' dir='ltr'>quae</span> <span class='ocrx_word' id='word_1_92' title='bbox 1060 1046 1113 1089; x_wconf 91' lang='lat' dir='ltr'>ad</span> <span class='ocrx_word' id='word_1_93' title='bbox 1141 1046 1402 1103; x_wconf 84' lang='lat' dir='ltr'>magistratus</span> <span class='ocrx_word' id='word_1_94' title='bbox 1420 1045 1647 1102; x_wconf 59' lang='lat' dir='ltr'>pertinetis,</span> <span class='ocrx_word' id='word_1_95' title='bbox 1667 1054 1776 1103; x_wconf 74' lang='lat' dir='ltr'>qno?-</span> 
     </span>
     <span class='ocr_line' id='line_1_14' title="bbox 411 1111 1776 1174; baseline 0 -17"><span class='ocrx_word' id='word_1_96' title='bbox 411 1116 542 1159; x_wconf 90' lang='lat' dir='ltr'>modo</span> <span class='ocrx_word' id='word_1_97' title='bbox 561 1116 708 1174; x_wconf 78' lang='lat' dir='ltr'>iisqui</span> <span class='ocrx_word' id='word_1_98' title='bbox 725 1116 800 1158; x_wconf 88' lang='lat' dir='ltr'>sub</span> <span class='ocrx_word' id='word_1_99' title='bbox 819 1114 996 1172; x_wconf 88' lang='lat' dir='ltr'>imperio</span> <span class='ocrx_word' id='word_1_100' title='bbox 1014 1114 1124 1165; x_wconf 89' lang='lat' dir='ltr'>sunt,</span> <span class='ocrx_word' id='word_1_101' title='bbox 1144 1112 1362 1171; x_wconf 84' lang='lat' dir='ltr'>praestituri</span> <span class='ocrx_word' id='word_1_102' title='bbox 1389 1112 1489 1155; x_wconf 78' lang='lat' dir='ltr'>fint.</span> <span class='ocrx_word' id='word_1_103' title='bbox 1508 1151 1510 1153; x_wconf 76' lang='grc'><strong>,</strong></span> <span class='ocrx_word' id='word_1_104' title='bbox 1538 1111 1619 1156; x_wconf 76' lang='lat' dir='ltr'>Ait</span> <span class='ocrx_word' id='word_1_105' title='bbox 1638 1111 1776 1164; x_wconf 53' lang='grc' dir='ltr'>ὀιιίιιι,</span> 
     </span>
     <span class='ocr_line' id='line_1_15' title="bbox 412 1179 1776 1240; baseline -0.003 -14"><span class='ocrx_word' id='word_1_106' title='bbox 412 1184 774 1240; x_wconf 86' lang='lat' dir='ltr'>quemadmodum</span> <span class='ocrx_word' id='word_1_107' title='bbox 795 1198 847 1226; x_wconf 87' lang='lat' dir='ltr'>ex</span> <span class='ocrx_word' id='word_1_108' title='bbox 863 1182 946 1225; x_wconf 88' lang='lat' dir='ltr'>alia</span> <span class='ocrx_word' id='word_1_109' title='bbox 973 1179 1069 1225; x_wconf 83' lang='lat' dir='ltr'>lana</span> <span class='ocrx_word' id='word_1_110' title='bbox 1089 1181 1136 1224; x_wconf 83' lang='lat' dir='ltr'>fit</span> <span class='ocrx_word' id='word_1_111' title='bbox 1157 1182 1308 1223; x_wconf 87' lang='lat' dir='ltr'>stamen</span> <span class='ocrx_word' id='word_1_112' title='bbox 1337 1194 1464 1237; x_wconf 87' lang='lat' dir='ltr'>quam</span> <span class='ocrx_word' id='word_1_113' title='bbox 1495 1179 1747 1238; x_wconf 63' lang='lat' dir='ltr'>subtegmen</span> <span class='ocrx_word' id='word_1_114' title='bbox 1764 1195 1776 1222; x_wconf 72' lang='lat' dir='ltr'>e</span> 
     </span>
     <span class='ocr_line' id='line_1_16' title="bbox 411 1242 1775 1307; baseline -0.002 -16"><span class='ocrx_word' id='word_1_115' title='bbox 411 1250 464 1292; x_wconf 83' lang='lat' dir='ltr'>fic</span> <span class='ocrx_word' id='word_1_116' title='bbox 484 1242 528 1294; x_wconf 84' lang='lat' dir='ltr'>et</span> <span class='ocrx_word' id='word_1_117' title='bbox 546 1251 823 1307; x_wconf 75' lang='lat' dir='ltr'>magistratus,</span> <span class='ocrx_word' id='word_1_118' title='bbox 845 1258 887 1300; x_wconf 85' lang='lat' dir='ltr'>et</span> <span class='ocrx_word' id='word_1_119' title='bbox 909 1248 1154 1306; x_wconf 78' lang='lat' dir='ltr'>reipublicae</span> <span class='ocrx_word' id='word_1_120' title='bbox 1182 1247 1401 1305; x_wconf 62' lang='lat' dir='ltr'>praefectos</span> <span class='ocrx_word' id='word_1_121' title='bbox 1425 1248 1480 1290; x_wconf 87' lang='lat' dir='ltr'>ab</span> <span class='ocrx_word' id='word_1_122' title='bbox 1509 1246 1562 1291; x_wconf 80' lang='lat' dir='ltr'>iis</span> <span class='ocrx_word' id='word_1_123' title='bbox 1588 1247 1775 1306; x_wconf 54' lang='lat' dir='ltr'>quidm-</span> 
     </span>
     <span class='ocr_line' id='line_1_17' title="bbox 409 1315 1776 1376; baseline 0.001 -17"><span class='ocrx_word' id='word_1_124' title='bbox 409 1318 525 1374; x_wconf 90' lang='lat' dir='ltr'>perio</span> <span class='ocrx_word' id='word_1_125' title='bbox 559 1319 736 1376; x_wconf 60' lang='lat' dir='ltr'>subjecti</span> <span class='ocrx_word' id='word_1_126' title='bbox 769 1318 877 1368; x_wconf 87' lang='lat' dir='ltr'>sunt,</span> <span class='ocrx_word' id='word_1_127' title='bbox 914 1316 1081 1359; x_wconf 82' lang='lat' dir='ltr'>differre</span> <span class='ocrx_word' id='word_1_128' title='bbox 1113 1325 1321 1373; x_wconf 87' lang='lat' dir='ltr'>oportere.</span> <span class='ocrx_word' id='word_1_129' title='bbox 1379 1315 1776 1372; x_wconf 62' lang='lat' dir='ltr'>Quoniamssautena</span> 
     </span>
     <span class='ocr_line' id='line_1_18' title="bbox 408 1382 1775 1440; baseline 0.001 -13"><span class='ocrx_word' id='word_1_130' title='bbox 408 1400 513 1428; x_wconf 88' lang='lat' dir='ltr'>rem·</span> <span class='ocrx_word' id='word_1_131' title='bbox 532 1401 706 1429; x_wconf 89' lang='lat' dir='ltr'>omnem</span> <span class='ocrx_word' id='word_1_132' title='bbox 744 1384 993 1428; x_wconf 88' lang='lat' dir='ltr'>familiarem</span> <span class='ocrx_word' id='word_1_133' title='bbox 1030 1382 1271 1440; x_wconf 83' lang='lat' dir='ltr'>amplificari</span> <span class='ocrx_word' id='word_1_134' title='bbox 1306 1382 1518 1439; x_wconf 84' lang='lat' dir='ltr'>permittit</span> <span class='ocrx_word' id='word_1_135' title='bbox 1553 1382 1775 1440; x_wconf 44' lang='lat' dir='ltr'>usqueqnd</span> 
     </span>
     <span class='ocr_line' id='line_1_19' title="bbox 405 1449 1774 1511; baseline -0.001 -14"><span class='ocrx_word' id='word_1_136' title='bbox 405 1453 701 1511; x_wconf 87' lang='lat' dir='ltr'>quincuplum,</span> <span class='ocrx_word' id='word_1_137' title='bbox 735 1467 809 1495; x_wconf 88' lang='lat' dir='ltr'>cur</span> <span class='ocrx_word' id='word_1_138' title='bbox 841 1465 926 1494; x_wconf 89' lang='lat' dir='ltr'>non</span> <span class='ocrx_word' id='word_1_139' title='bbox 956 1451 1039 1493; x_wconf 90' lang='lat' dir='ltr'>hoc</span> <span class='ocrx_word' id='word_1_140' title='bbox 1068 1450 1180 1493; x_wconf 90' lang='lat' dir='ltr'>idem</span> <span class='ocrx_word' id='word_1_141' title='bbox 1210 1450 1255 1491; x_wconf 89' lang='lat' dir='ltr'>in</span> <span class='ocrx_word' id='word_1_142' title='bbox 1285 1458 1395 1492; x_wconf 87' lang='lat' dir='ltr'>terra</span> <span class='ocrx_word' id='word_1_143' title='bbox 1413 1449 1547 1492; x_wconf 86' lang='lat' dir='ltr'>valeat</span> <span class='ocrx_word' id='word_1_144' title='bbox 1565 1449 1774 1508; x_wconf 74' lang='lat' dir='ltr'>aliquate-</span> 
     </span>
     <span class='ocr_line' id='line_1_20' title="bbox 405 1516 1775 1565; baseline -0.001 -3"><span class='ocrx_word' id='word_1_145' title='bbox 405 1535 486 1564; x_wconf 91' lang='lat' dir='ltr'>nus</span> <span class='ocrx_word' id='word_1_146' title='bbox 504 1524 520 1565; x_wconf 86' lang='lat'>?</span> <span class='ocrx_word' id='word_1_147' title='bbox 551 1523 661 1564; x_wconf 90' lang='lat' dir='ltr'>Tum</span> <span class='ocrx_word' id='word_1_148' title='bbox 695 1535 792 1563; x_wconf 88' lang='lat' dir='ltr'>vero</span> <span class='ocrx_word' id='word_1_149' title='bbox 824 1519 1052 1562; x_wconf 87' lang='lat' dir='ltr'>verendum</span> <span class='ocrx_word' id='word_1_150' title='bbox 1072 1517 1200 1560; x_wconf 84' lang='lat' dir='ltr'>etiam</span> <span class='ocrx_word' id='word_1_151' title='bbox 1219 1517 1276 1560; x_wconf 89' lang='lat' dir='ltr'>est</span> <span class='ocrx_word' id='word_1_152' title='bbox 1297 1531 1350 1559; x_wconf 89' lang='lat' dir='ltr'>ne</span> <span class='ocrx_word' id='word_1_153' title='bbox 1368 1531 1478 1559; x_wconf 85' lang='lat' dir='ltr'>areae</span> <span class='ocrx_word' id='word_1_154' title='bbox 1501 1516 1775 1560; x_wconf 72' lang='lat' dir='ltr'>aedificiorum</span> 
     </span>
     <span class='ocr_line' id='line_1_21' title="bbox 406 1584 1774 1641; baseline -0.003 -9"><span class='ocrx_word' id='word_1_155' title='bbox 406 1603 490 1632; x_wconf 89' lang='lat' dir='ltr'>non</span> <span class='ocrx_word' id='word_1_156' title='bbox 513 1589 608 1632; x_wconf 87' lang='lat' dir='ltr'>satis</span> <span class='ocrx_word' id='word_1_157' title='bbox 629 1589 790 1631; x_wconf 90' lang='lat' dir='ltr'>utiliter</span> <span class='ocrx_word' id='word_1_158' title='bbox 807 1597 879 1630; x_wconf 90' lang='lat' dir='ltr'>aut</span> <span class='ocrx_word' id='word_1_159' title='bbox 899 1585 1219 1629; x_wconf 86' lang='lat' dir='ltr'>accommodate</span> <span class='ocrx_word' id='word_1_160' title='bbox 1235 1585 1288 1627; x_wconf 89' lang='lat' dir='ltr'>ad</span> <span class='ocrx_word' id='word_1_161' title='bbox 1308 1584 1368 1627; x_wconf 90' lang='lat' dir='ltr'>rei</span> <span class='ocrx_word' id='word_1_162' title='bbox 1385 1584 1622 1641; x_wconf 80' lang='lat' dir='ltr'>domesticae</span> <span class='ocrx_word' id='word_1_163' title='bbox 1637 1584 1774 1628; x_wconf 81' lang='lat' dir='ltr'>admi-</span> 
     </span>
     <span class='ocr_line' id='line_1_22' title="bbox 403 1652 1772 1710; baseline -0.001 -11"><span class='ocrx_word' id='word_1_164' title='bbox 403 1657 686 1699; x_wconf 79' lang='lat' dir='ltr'>nistrationem</span> <span class='ocrx_word' id='word_1_165' title='bbox 707 1655 846 1699; x_wconf 83' lang='lat' dir='ltr'>divisae</span> <span class='ocrx_word' id='word_1_166' title='bbox 866 1654 968 1696; x_wconf 87' lang='lat' dir='ltr'>fint:</span> <span class='ocrx_word' id='word_1_167' title='bbox 1000 1654 1120 1696; x_wconf 86' lang='lat' dir='ltr'>binas</span> <span class='ocrx_word' id='word_1_168' title='bbox 1149 1653 1262 1695; x_wconf 85' lang='lat' dir='ltr'>enim</span> <span class='ocrx_word' id='word_1_169' title='bbox 1295 1652 1451 1694; x_wconf 89' lang='lat' dir='ltr'>aedium</span> <span class='ocrx_word' id='word_1_170' title='bbox 1479 1666 1594 1695; x_wconf 83' lang='lat' dir='ltr'>areas</span> <span class='ocrx_word' id='word_1_171' title='bbox 1611 1653 1772 1710; x_wconf 80' lang='lat' dir='ltr'>cuique</span> 
     </span>
     <span class='ocr_line' id='line_1_23' title="bbox 401 1719 1769 1777; baseline -0.004 -10"><span class='ocrx_word' id='word_1_172' title='bbox 401 1725 569 1777; x_wconf 86' lang='lat' dir='ltr'>tribuit,</span> <span class='ocrx_word' id='word_1_173' title='bbox 590 1725 770 1767; x_wconf 86' lang='lat' dir='ltr'>seorsum</span> <span class='ocrx_word' id='word_1_174' title='bbox 796 1723 950 1768; x_wconf 75' lang='lat' dir='ltr'>divisas</span> <span class='ocrx_word' id='word_1_175' title='bbox 976 1737 1025 1764; x_wconf 90' lang='lat' dir='ltr'>ac</span> <span class='ocrx_word' id='word_1_176' title='bbox 1056 1720 1284 1763; x_wconf 65' lang='lat' dir='ltr'>distinctas.</span> <span class='ocrx_word' id='word_1_177' title='bbox 1343 1721 1406 1763; x_wconf 89' lang='lat' dir='ltr'>At</span> <span class='ocrx_word' id='word_1_178' title='bbox 1433 1719 1604 1763; x_wconf 84' lang='lat' dir='ltr'>difficile</span> <span class='ocrx_word' id='word_1_179' title='bbox 1632 1720 1705 1774; x_wconf 85' lang='lat' dir='ltr'>est,</span> <span class='ocrx_word' id='word_1_180' title='bbox 1725 1720 1769 1762; x_wconf 84' lang='lat' dir='ltr'>in</span> 
     </span>
     <span class='ocr_line' id='line_1_24' title="bbox 403 1789 1769 1846; baseline -0.001 -11"><span class='ocrx_word' id='word_1_181' title='bbox 403 1793 515 1835; x_wconf 85' lang='lat' dir='ltr'>binis</span> <span class='ocrx_word' id='word_1_182' title='bbox 534 1793 695 1835; x_wconf 83' lang='lat' dir='ltr'>aedibus</span> <span class='ocrx_word' id='word_1_183' title='bbox 714 1800 847 1835; x_wconf 88' lang='lat' dir='ltr'>unum</span> <span class='ocrx_word' id='word_1_184' title='bbox 871 1791 1074 1833; x_wconf 85' lang='lat' dir='ltr'>habitare.</span> <span class='ocrx_word' id='word_1_185' title='bbox 1130 1790 1242 1831; x_wconf 87' lang='lat' dir='ltr'>Tota</span> <span class='ocrx_word' id='word_1_186' title='bbox 1261 1797 1403 1831; x_wconf 88' lang='lat' dir='ltr'>autem</span> <span class='ocrx_word' id='word_1_187' title='bbox 1423 1789 1664 1846; x_wconf 74' lang='lat' dir='ltr'>reipublicae</span> <span class='ocrx_word' id='word_1_188' title='bbox 1692 1789 1769 1833; x_wconf 82' lang='lat' dir='ltr'>de-</span> 
     </span>
     <span class='ocr_line' id='line_1_25' title="bbox 395 1857 1770 1918; baseline -0.003 -14"><span class='ocrx_word' id='word_1_189' title='bbox 395 1861 572 1918; x_wconf 74' lang='lat' dir='ltr'>scriptio</span> <span class='ocrx_word' id='word_1_190' title='bbox 591 1861 756 1902; x_wconf 88' lang='lat' dir='ltr'>videtur</span> <span class='ocrx_word' id='word_1_191' title='bbox 775 1874 826 1901; x_wconf 90' lang='lat' dir='ltr'>eo</span> <span class='ocrx_word' id='word_1_192' title='bbox 846 1858 1004 1910; x_wconf 87' lang='lat' dir='ltr'>referri,</span> <span class='ocrx_word' id='word_1_193' title='bbox 1027 1866 1074 1900; x_wconf 91' lang='lat' dir='ltr'>ut</span> <span class='ocrx_word' id='word_1_194' title='bbox 1095 1871 1230 1914; x_wconf 89' lang='lat' dir='ltr'>neque</span> <span class='ocrx_word' id='word_1_195' title='bbox 1261 1857 1308 1899; x_wconf 83' lang='lat' dir='ltr'>fit</span> <span class='ocrx_word' id='word_1_196' title='bbox 1335 1858 1514 1914; x_wconf 84' lang='lat' dir='ltr'>potestas</span> <span class='ocrx_word' id='word_1_197' title='bbox 1541 1857 1770 1915; x_wconf 87' lang='lat' dir='ltr'>popularis,</span> 
     </span>
    </p>
   </div>
   <div class='ocr_carea' id='block_1_6' title="bbox 398 1920 1770 2054">
    <p class='ocr_par' dir='ltr' id='par_1_6' title="bbox 398 1920 1770 2054">
     <span class='ocr_line' id='line_1_26' title="bbox 400 1920 1768 1986; baseline -0.003 -14"><span class='ocrx_word' id='word_1_198' title='bbox 400 1945 529 1986; x_wconf 89' lang='lat' dir='ltr'>quam</span> <span class='ocrx_word' id='word_1_199' title='bbox 569 1927 887 1971; x_wconf 80' lang='lat' dir='ltr'>democratiam</span> <span class='ocrx_word' id='word_1_200' title='bbox 907 1920 1124 1983; x_wconf 78' lang='lat' dir='ltr'>’appellant</span> <span class='ocrx_word' id='word_1_201' title='bbox 1165 1923 1321 1976; x_wconf 72' lang='lat' dir='ltr'>Graeci,</span> <span class='ocrx_word' id='word_1_202' title='bbox 1358 1938 1495 1981; x_wconf 87' lang='lat' dir='ltr'>neque</span> <span class='ocrx_word' id='word_1_203' title='bbox 1541 1939 1768 1981; x_wconf 85' lang='lat' dir='ltr'>paucorum</span> 
     </span>
     <span class='ocr_line' id='line_1_27' title="bbox 398 1990 1770 2054; baseline -0.003 -15"><span class='ocrx_word' id='word_1_204' title='bbox 398 1996 671 2054; x_wconf 87' lang='lat' dir='ltr'>principatus,</span> <span class='ocrx_word' id='word_1_205' title='bbox 693 2009 820 2052; x_wconf 91' lang='lat' dir='ltr'>quem</span> <span class='ocrx_word' id='word_1_206' title='bbox 843 1992 1118 2050; x_wconf 88' lang='lat' dir='ltr'>oligarchiam</span> <span class='ocrx_word' id='word_1_207' title='bbox 1137 2008 1148 2034; x_wconf 74' lang='grc' dir='ltr'><strong><em>ε</em></strong></span> <span class='ocrx_word' id='word_1_208' title='bbox 1180 1990 1249 2034; x_wconf 86' lang='lat' dir='ltr'>sed</span> <span class='ocrx_word' id='word_1_209' title='bbox 1272 1991 1422 2033; x_wconf 81' lang='lat' dir='ltr'>harum</span> <span class='ocrx_word' id='word_1_210' title='bbox 1442 1991 1770 2051; x_wconf 76' lang='lat' dir='ltr'>media&#39;reipub-</span> 
     </span>
    </p>
   </div>
   <div class='ocr_carea' id='block_1_7' title="bbox 394 2058 1774 2317">
    <p class='ocr_par' dir='ltr' id='par_1_7' title="bbox 394 2058 1774 2317">
     <span class='ocr_line' id='line_1_28' title="bbox 397 2058 1774 2116; baseline 0.001 -10"><span class='ocrx_word' id='word_1_211' title='bbox 397 2063 491 2106; x_wconf 85' lang='lat' dir='ltr'>licae</span> <span class='ocrx_word' id='word_1_212' title='bbox 523 2061 857 2106; x_wconf 71' lang='lat' dir='ltr'>administrandae</span> <span class='ocrx_word' id='word_1_213' title='bbox 885 2060 1035 2112; x_wconf 88' lang='lat' dir='ltr'>forma,</span> <span class='ocrx_word' id='word_1_214' title='bbox 1055 2073 1180 2116; x_wconf 85' lang='lat' dir='ltr'>quam</span> <span class='ocrx_word' id='word_1_215' title='bbox 1212 2058 1403 2116; x_wconf 85' lang='lat' dir='ltr'>politiam</span> <span class='ocrx_word' id='word_1_216' title='bbox 1432 2059 1668 2112; x_wconf 73' lang='lat' dir='ltr'>nominant,</span> <span class='ocrx_word' id='word_1_217' title='bbox 1689 2061 1774 2108; x_wconf 75' lang='lat' dir='ltr'>five.</span> 
     </span>
     <span class='ocr_line' id='line_1_29' title="bbox 396 2126 1767 2190; baseline -0.001 -16"><span class='ocrx_word' id='word_1_218' title='bbox 396 2132 714 2190; x_wconf 87' lang='lat' dir='ltr'>rem-publicam.</span> <span class='ocrx_word' id='word_1_219' title='bbox 736 2130 816 2172; x_wconf 89' lang='lat' dir='ltr'>five</span> <span class='ocrx_word' id='word_1_220' title='bbox 845 2127 990 2186; x_wconf 89' lang='lat' dir='ltr'>populi</span> <span class='ocrx_word' id='word_1_221' title='bbox 1019 2127 1271 2169; x_wconf 88' lang='lat' dir='ltr'>libertatem.</span> <span class='ocrx_word' id='word_1_222' title='bbox 1329 2128 1392 2169; x_wconf 86' lang='lat' dir='ltr'>Ex</span> <span class='ocrx_word' id='word_1_223' title='bbox 1420 2126 1488 2169; x_wconf 84' lang='lat' dir='ltr'>his</span> <span class='ocrx_word' id='word_1_224' title='bbox 1517 2127 1631 2170; x_wconf 82' lang='lat' dir='ltr'>enim</span> <span class='ocrx_word' id='word_1_225' title='bbox 1662 2142 1767 2172; x_wconf 88' lang='lat' dir='ltr'>con-</span> 
     </span>
     <span class='ocr_line' id='line_1_30' title="bbox 394 2192 1766 2257; baseline -0.002 -14"><span class='ocrx_word' id='word_1_226' title='bbox 394 2198 486 2253; x_wconf 77' lang='lat' dir='ltr'>stat,</span> <span class='ocrx_word' id='word_1_227' title='bbox 506 2200 578 2257; x_wconf 82' lang='lat' dir='ltr'>qui</span> <span class='ocrx_word' id='word_1_228' title='bbox 599 2214 715 2242; x_wconf 79' lang='lat' dir='ltr'>arma</span> <span class='ocrx_word' id='word_1_229' title='bbox 733 2205 905 2256; x_wconf 86' lang='lat' dir='ltr'>gerunt.</span> <span class='ocrx_word' id='word_1_230' title='bbox 962 2195 1007 2238; x_wconf 92' lang='lat' dir='ltr'>Si</span> <span class='ocrx_word' id='word_1_231' title='bbox 1027 2195 1158 2252; x_wconf 87' lang='lat' dir='ltr'>igitur</span> <span class='ocrx_word' id='word_1_232' title='bbox 1186 2195 1295 2236; x_wconf 83' lang='lat' dir='ltr'>hanc</span> <span class='ocrx_word' id='word_1_233' title='bbox 1322 2194 1566 2252; x_wconf 85' lang='lat' dir='ltr'>reipublicae</span> <span class='ocrx_word' id='word_1_234' title='bbox 1585 2192 1766 2240; x_wconf 72' lang='lat' dir='ltr'>admini-</span> 
     </span>
     <span class='ocr_line' id='line_1_31' title="bbox 395 2261 1765 2317; baseline -0.002 -6"><span class='ocrx_word' id='word_1_235' title='bbox 395 2268 568 2311; x_wconf 86' lang='lat' dir='ltr'>strandae</span> <span class='ocrx_word' id='word_1_236' title='bbox 595 2267 820 2317; x_wconf 87' lang='lat' dir='ltr'>rationem,</span> <span class='ocrx_word' id='word_1_237' title='bbox 840 2273 889 2306; x_wconf 85' lang='lat' dir='ltr'>ut</span> <span class='ocrx_word' id='word_1_238' title='bbox 907 2263 1081 2305; x_wconf 83' lang='lat' dir='ltr'>aliarum</span> <span class='ocrx_word' id='word_1_239' title='bbox 1107 2261 1300 2304; x_wconf 87' lang='lat' dir='ltr'>omnium</span> <span class='ocrx_word' id='word_1_240' title='bbox 1321 2262 1508 2305; x_wconf 83' lang='lat' dir='ltr'>maxime</span> <span class='ocrx_word' id='word_1_241' title='bbox 1523 2261 1765 2308; x_wconf 82' lang='lat' dir='ltr'>civitatibus</span> 
     </span>
    </p>
   </div>
   <div class='ocr_carea' id='block_1_8' title="bbox 389 2329 1764 2599">
    <p class='ocr_par' dir='ltr' id='par_1_8' title="bbox 389 2329 1764 2599">
     <span class='ocr_line' id='line_1_32' title="bbox 395 2329 1763 2391; baseline -0.003 -12"><span class='ocrx_word' id='word_1_242' title='bbox 395 2350 667 2379; x_wconf 86' lang='lat' dir='ltr'>communem</span> <span class='ocrx_word' id='word_1_243' title='bbox 699 2334 864 2391; x_wconf 86' lang='lat' dir='ltr'>probat,</span> <span class='ocrx_word' id='word_1_244' title='bbox 895 2330 1058 2373; x_wconf 80' lang='lat' dir='ltr'>fortaffe</span> <span class='ocrx_word' id='word_1_245' title='bbox 1091 2329 1201 2372; x_wconf 63' lang='lat' dir='ltr'>recte</span> <span class='ocrx_word' id='word_1_246' title='bbox 1231 2329 1368 2372; x_wconf 88' lang='lat' dir='ltr'>dixit·</span> <span class='ocrx_word' id='word_1_247' title='bbox 1401 2330 1456 2372; x_wconf 87' lang='lat' dir='ltr'>fin</span> <span class='ocrx_word' id='word_1_248' title='bbox 1491 2338 1542 2374; x_wconf 92' lang='lat' dir='ltr'>ut</span> <span class='ocrx_word' id='word_1_249' title='bbox 1570 2330 1763 2375; x_wconf 85' lang='lat' dir='ltr'>omnium</span> 
     </span>
     <span class='ocr_line' id='line_1_33' title="bbox 393 2396 1761 2463; baseline -0.004 -14"><span class='ocrx_word' id='word_1_250' title='bbox 393 2405 599 2463; x_wconf 85' lang='lat' dir='ltr'>optimam</span> <span class='ocrx_word' id='word_1_251' title='bbox 621 2401 851 2446; x_wconf 89' lang='lat' dir='ltr'>secundum</span> <span class='ocrx_word' id='word_1_252' title='bbox 871 2400 1066 2458; x_wconf 89' lang='lat' dir='ltr'>primam,</span> <span class='ocrx_word' id='word_1_253' title='bbox 1087 2411 1170 2439; x_wconf 90' lang='lat' dir='ltr'>non</span> <span class='ocrx_word' id='word_1_254' title='bbox 1187 2397 1314 2440; x_wconf 61' lang='lat' dir='ltr'>ret‘ite.</span> <span class='ocrx_word' id='word_1_255' title='bbox 1353 2396 1530 2441; x_wconf 74' lang='lat' dir='ltr'>Formffe</span> <span class='ocrx_word' id='word_1_256' title='bbox 1545 2398 1662 2442; x_wconf 84' lang='lat' dir='ltr'>enim</span> <span class='ocrx_word' id='word_1_257' title='bbox 1681 2399 1761 2443; x_wconf 78' lang='lat' dir='ltr'>ali-</span> 
     </span>
     <span class='ocr_line' id='line_1_34' title="bbox 391 2464 1764 2530; baseline -0.004 -14"><span class='ocrx_word' id='word_1_258' title='bbox 391 2474 487 2530; x_wconf 83' lang='lat' dir='ltr'>quis</span> <span class='ocrx_word' id='word_1_259' title='bbox 516 2471 775 2514; x_wconf 37' lang='lat' dir='ltr'>Laconicam*</span> <span class='ocrx_word' id='word_1_260' title='bbox 801 2466 1044 2525; x_wconf 76' lang='lat' dir='ltr'>reipublicae</span> <span class='ocrx_word' id='word_1_261' title='bbox 1074 2464 1408 2508; x_wconf 64' lang='lat' dir='ltr'>administrandae</span> <span class='ocrx_word' id='word_1_262' title='bbox 1426 2465 1663 2518; x_wconf 75' lang='lat' dir='ltr'>rationem,</span> <span class='ocrx_word' id='word_1_263' title='bbox 1688 2477 1764 2511; x_wconf 82' lang='lat' dir='ltr'>aut</span> 
     </span>
     <span class='ocr_line' id='line_1_35' title="bbox 389 2532 1760 2599; baseline -0.005 -14"><span class='ocrx_word' id='word_1_264' title='bbox 389 2543 576 2599; x_wconf 85' lang='lat' dir='ltr'>aliquam</span> <span class='ocrx_word' id='word_1_265' title='bbox 599 2537 772 2589; x_wconf 85' lang='lat' dir='ltr'>aliam,</span> <span class='ocrx_word' id='word_1_266' title='bbox 763 2553 804 2579; x_wconf 80' lang='lat' dir='ltr'>in</span> <span class='ocrx_word' id='word_1_267' title='bbox 826 2551 911 2594; x_wconf 91' lang='lat' dir='ltr'>qua</span> <span class='ocrx_word' id='word_1_268' title='bbox 935 2533 1074 2591; x_wconf 86' lang='lat' dir='ltr'>magis</span> <span class='ocrx_word' id='word_1_269' title='bbox 1104 2532 1374 2589; x_wconf 86' lang='lat' dir='ltr'>optimatium</span> <span class='ocrx_word' id='word_1_270' title='bbox 1407 2532 1677 2591; x_wconf 79' lang='lat' dir='ltr'>principatus</span> <span class='ocrx_word' id='word_1_271' title='bbox 1696 2535 1760 2578; x_wconf 85' lang='lat' dir='ltr'>vi-</span> 
     </span>
    </p>
   </div>
   <div class='ocr_carea' id='block_1_9' title="bbox 386 2599 1759 2734">
    <p class='ocr_par' dir='ltr' id='par_1_9' title="bbox 386 2599 1759 2734">
     <span class='ocr_line' id='line_1_36' title="bbox 388 2599 1759 2668; baseline -0.005 -16"><span class='ocrx_word' id='word_1_272' title='bbox 388 2619 503 2668; x_wconf 82' lang='lat' dir='ltr'>geat,</span> <span class='ocrx_word' id='word_1_273' title='bbox 540 2607 691 2664; x_wconf 86' lang='lat' dir='ltr'>magis</span> <span class='ocrx_word' id='word_1_274' title='bbox 709 2604 905 2648; x_wconf 86' lang='lat' dir='ltr'>laudarit.</span> <span class='ocrx_word' id='word_1_275' title='bbox 965 2601 1156 2646; x_wconf 80' lang='lat' dir='ltr'>Quidam</span> <span class='ocrx_word' id='word_1_276' title='bbox 1194 2601 1326 2658; x_wconf 87' lang='lat' dir='ltr'>igitur</span> <span class='ocrx_word' id='word_1_277' title='bbox 1363 2599 1515 2643; x_wconf 88' lang='lat' dir='ltr'>dicunt</span> <span class='ocrx_word' id='word_1_278' title='bbox 1552 2599 1759 2658; x_wconf 85' lang='lat' dir='ltr'>optimam</span> 
     </span>
     <span class='ocr_line' id='line_1_37' title="bbox 386 2666 1759 2734; baseline -0.006 -14"><span class='ocrx_word' id='word_1_279' title='bbox 386 2676 630 2734; x_wconf 86' lang='lat' dir='ltr'>reipublicae</span> <span class='ocrx_word' id='word_1_280' title='bbox 670 2669 1006 2716; x_wconf 82' lang='lat' dir='ltr'>administrandae</span> <span class='ocrx_word' id='word_1_281' title='bbox 1043 2668 1222 2710; x_wconf 83' lang='lat' dir='ltr'>formam</span> <span class='ocrx_word' id='word_1_282' title='bbox 1270 2666 1469 2709; x_wconf 88' lang='lat' dir='ltr'>omnibus</span> <span class='ocrx_word' id='word_1_283' title='bbox 1514 2667 1759 2725; x_wconf 70' lang='lat' dir='ltr'>reipublicae</span> 
     </span>
    </p>
   </div>
   <div class='ocr_carea' id='block_1_10' title="bbox 384 2735 1759 2869">
    <p class='ocr_par' dir='ltr' id='par_1_10' title="bbox 384 2735 1759 2869">
     <span class='ocr_line' id='line_1_38' title="bbox 385 2735 1759 2796; baseline -0.008 -9"><span class='ocrx_word' id='word_1_284' title='bbox 385 2740 723 2788; x_wconf 81' lang='lat' dir='ltr'>administrandae</span> <span class='ocrx_word' id='word_1_285' title='bbox 756 2738 982 2796; x_wconf 79' lang='lat' dir='ltr'>generibus</span> <span class='ocrx_word' id='word_1_286' title='bbox 1011 2735 1261 2793; x_wconf 80' lang='lat' dir='ltr'>permixtam</span> <span class='ocrx_word' id='word_1_287' title='bbox 1293 2747 1343 2776; x_wconf 90' lang='lat' dir='ltr'>ac</span> <span class='ocrx_word' id='word_1_288' title='bbox 1372 2743 1648 2791; x_wconf 86' lang='lat' dir='ltr'>temperatam</span> <span class='ocrx_word' id='word_1_289' title='bbox 1678 2736 1759 2780; x_wconf 81' lang='lat' dir='ltr'>effe</span> 
     </span>
     <span class='ocr_line' id='line_1_39' title="bbox 384 2801 1758 2869; baseline -0.006 -14"><span class='ocrx_word' id='word_1_290' title='bbox 384 2822 592 2869; x_wconf 80' lang='lat' dir='ltr'>oportere.</span> <span class='ocrx_word' id='word_1_291' title='bbox 660 2807 821 2850; x_wconf 86' lang='lat' dir='ltr'>Iecirco</span> <span class='ocrx_word' id='word_1_292' title='bbox 848 2803 1285 2855; x_wconf 73' lang='lat' dir='ltr'>Lacedaemoniorum,</span> <span class='ocrx_word' id='word_1_293' title='bbox 1305 2801 1551 2859; x_wconf 63' lang='lat' dir='ltr'>reipublicae</span> <span class='ocrx_word' id='word_1_294' title='bbox 1571 2802 1758 2848; x_wconf 82' lang='lat' dir='ltr'>admini-</span> 
     </span>
    </p>
   </div>
  </div>
 </body>
</html>
