1898 3308
424 169 513 234 638
697 138 705 154 χ
860 178 1364 226 ARISTOTELIS

421 307 729 354 permanentes,
751 301 865 345 nulla
895 319 940 347 re
967 304 1170 357 obstante,
1190 304 1420 363 quominus
1448 296 1800 361 iisdem'legibus
1873 338 1878 347 ,

420 372 655 420 uterentur,
675 368 859 413 honestae
882 371 979 414 vitae
1004 371 1190 415 frufflim
1220 372 1453 430 perdidiffe.
1511 371 1583 414 Ne
1603 369 1658 426 de
1676 368 1796 427 prin-

420 432 564 490 cipatu
585 435 758 493 quidem
778 447 822 480 et
841 438 1021 497 imperio
1040 440 1154 483 recte
1172 440 1376 483 sentiunt:
1408 438 1526 498 quod
1545 437 1665 482 aiunt
1683 435 1796 496 legin

418 499 663 558 scriptorem
684 506 828 563 magni
851 506 987 549 facere
1006 507 1139 550 videri
1157 515 1365 565 oportere.
1425 505 1659 565 Imperium
1678 501 1794 548 enim

418 566 463 610 in
493 569 664 624 liberos,
689 572 812 615 herili
842 574 1021 631 imperio
1049 575 1285 632 injustoque
1314 574 1538 617 dominatu
1564 572 1795 625 honestius,

419 638 642 696 magisque
662 655 761 683 cum
793 640 945 684 virtute
976 642 1250 700 conjunctum
1281 643 1351 685 est.
1411 643 1616 685 Praeterea
1635 655 1721 684 non
1741 654 1794 683 eo

420 705 567 749 civitas
587 708 711 750 beata
729 709 1000 752 existimanda
1019 711 1090 763 est,
1111 725 1250 768 neque
1269 710 1418 768 legum
1445 709 1619 767 scriptor·
1635 707 1796 752 iccirco

301 771 405 830 293
420 772 653 821 laudandus
673 776 743 828 est,
765 777 882 834 quod
905 777 1019 820 cives
1037 778 1090 819 ad
1109 777 1336 835 imperium
1366 777 1410 819 in
1440 776 1642 819 finitimos
1660 788 1794 818 oecu-

417 842 609 898 pandum
644 844 893 887 exercuerit.
951 846 1062 888 Haec
1099 845 1213 888 enim
1250 859 1457 903 magnum
1489 843 1794 887 detrimentum

415 909 623 953 afferunt:
660 911 903 968 sequeretur
935 912 1051 955 enim
1082 912 1260 965 scilicet,
1294 922 1360 966 ut,
1395 911 1656 971 quicumque
1687 908 1795 953 civis

415 975 562 1034 po'fl'et,
583 978 619 1021 is
638 979 779 1022 conari
813 980 988 1023 deberet
1017 980 1112 1038 plus
1139 996 1251 1024 unus
1278 979 1405 1038 pofl'e,
1425 995 1555 1038 quam
1574 987 1666 1022 tota
1684 977 1790 1023 civi-

415 1055 498 1098 tas,
529 1047 700 1105 suaeque
728 1047 893 1091 civitati
926 1049 1122 1092 servitute
1153 1049 1349 1107 oppress'ae
1378 1048 1600 1105 imperare.
1657 1044 1793 1091 Quod

416 1113 732 1158 Lacedaemonii
750 1116 916 1158 crimini
936 1116 1039 1159 dant
1068 1117 1278 1160 Pausaniae
1296 1115 1406 1174 regi,
1428 1114 1622 1173 quamvis
1641 1113 1684 1156 in
1704 1121 1793 1156 tam

415 1181 503 1224 alto
533 1181 705 1226 honoris
739 1198 787 1226 ac
819 1183 1043 1241 dignitatis
1076 1184 1212 1242 gradu
1247 1184 1483 1227 collocatus
1520 1182 1659 1225 effet..
1692 1181 1793 1224 Nec

413 1250 549 1308 igitur
577 1252 631 1294 ad
663 1252 834 1295 civilem
864 1253 1105 1296 societatem
1137 1252 1459 1296 accommodata
1487 1253 1545 1295 est
1573 1250 1686 1294 talis·
1702 1249 1792 1293 ulla

413 1319 524 1362 ratio
554 1319 730 1377 talisque
758 1320 842 1374 lex,
869 1335 947 1363 nec
978 1321 1113 1375 utilis,
1136 1336 1214 1363 nec
1246 1336 1357 1364 vera.
1415 1320 1561 1364 Debet
1586 1318 1699 1362 enim
1724 1310 1788 1361 le'-

412 1402 520 1445 gum
542 1388 715 1446 scriptor
733 1404 829 1446 quae
850 1389 925 1431 sint
943 1389 1108 1442 eadem,
1129 1399 1173 1432 et
1193 1389 1386 1446 privatim
1406 1397 1451 1431 et
1476 1388 1648 1445 publice
1675 1386 1790 1445 opti-

413 1468 499 1508 ma,
522 1456 564 1498 in
585 1456 738 1498 animis
757 1456 982 1499 hominum
1002 1456 1249 1514 ingenerare
1269 1465 1396 1513 atque
1414 1455 1619 1498 inserere:
1650 1468 1790 1512 neque

414 1522 529 1566 cives
556 1524 599 1566 in
629 1524 692 1567 rei
722 1524 917 1567 militaris
947 1525 1080 1567 studio
1099 1540 1149 1567 ea
1168 1524 1304 1582 gratia
1331 1531 1499 1581 oportet
1518 1522 1720 1575 exerceri,
1740 1530 1792 1566 ut

413 1605 506 1644 eos,
541 1591 615 1649 qui
647 1591 742 1634 sunt
773 1591 940 1650 indigni
969 1592 1185 1644 servitute,
1220 1592 1263 1634 in
1295 1591 1534 1634 servitutem
1560 1589 1787 1648 redigant:

411 1658 484 1702 sed
512 1660 696 1717 primum
731 1668 780 1702 ut
808 1659 878 1717 ipfi
911 1660 1085 1718 quidem
1115 1675 1167 1703 ne
1197 1660 1291 1702 aliis
1319 1660 1525 1702 serviant=
1557 1659 1712 1702 deinde
1739 1666 1790 1702 ut

412 1725 698 1785 principatum
718 1736 923 1786 quaerant,
945 1743 1109 1782 eorum,
1130 1728 1203 1786 qui
1234 1729 1308 1771 sub
1334 1728 1513 1785 imperio
1532 1727 1644 1780 sunt,
1667 1725 1789 1771 utili-

411 1794 528 1847 tatis,
551 1810 634 1838 non
654 1796 814 1854 injustae
835 1796 878 1838 in
898 1812 1046 1839 omnes
1069 1796 1369 1839 dominationis
1401 1796 1552 1839 causa:
1582 1796 1790 1854 postremo

411 1870 463 1904 ut
485 1861 759 1906 dominentur
785 1863 827 1904 in
861 1863 1038 1920 eosqui
1067 1864 1267 1906 servitute
1295 1863 1418 1922 digni
1447 1864 1558 1906 sunt.
1616 1864 1787 1922 Legum

410 1929 600 1987 scriptori
620 1939 764 1973 autem
793 1931 994 1989 majorem
1019 1947 1189 1989 operam
1209 1932 1288 1975 effe
1306 1932 1503 1985 dandam,
1525 1940 1574 1974 ut
1591 1932 1725 1991 leges,
1745 1941 1790 1975 et

411 2012 482 2040 eas
503 2014 600 2056 quae
620 1999 674 2041 ad
694 2014 758 2042 res
786 1999 960 2042 bellicas
980 2000 1206 2057 pertinent,
1227 2009 1271 2042 et
1300 2009 1488 2053 caeteras,
1511 2000 1588 2043 otii
1607 2010 1651 2044 et
1671 2001 1788 2058 pacis

412 2065 535 2108 causa
563 2066 754 2109 instituat
783 2082 832 2109 ac
862 2066 1084 2120 describat,
1110 2083 1196 2110 non
1227 2067 1344 2121 belli,
1365 2069 1602 2112 testimonio
1621 2070 1718 2112 sunt
1734 2070 1788 2112 iis

410 2149 509 2191 quae
543 2133 742 2186 dicimus,
777 2150 825 2177 ea
858 2151 953 2192 quae
983 2136 1105 2178 fiunt.
1165 2136 1381 2194 Pleraeque
1407 2137 1521 2179 enim
1551 2152 1605 2180 ex
1634 2138 1789 2181 talibus

411 2201 654 2244 civitatibus
686 2202 881 2259 tantisper
914 2203 1088 2260 quidem
1124 2203 1227 2246 dum
1263 2204 1425 2247 bellum
1453 2213 1635 2263 gerunt,
1670 2205 1788 2249 salvae

410 2268 508 2311 sunt
525 2286 536 2311 ς
567 2269 717 2326 potitae
737 2279 880 2312 autem
901 2270 1077 2328 imperio
1097 2280 1140 2314 et
1157 2271 1413 2329 principatu,
1433 2273 1650 2317 occidunt.
1699 2274 1784 2318 Ni·

409 2343 548 2379 torem
567 2337 680 2380 enim
703 2347 746 2380 et
765 2338 1029 2396 splendorem
1056 2339 1177 2382 suum
1196 2340 1238 2382 in
1261 2355 1362 2398 pace
1389 2341 1643 2398 deperdunt,
1662 2341 1786 2386 instar

410 2403 540 2447 ferri:
572 2406 693 2462 cujus
722 2406 784 2449 rei
811 2406 956 2465 legum
985 2407 1160 2465 scriptor
1189 2408 1358 2466 culpam
1391 2408 1574 2465 sustinet,
1590 2411 1674 2469 'qui
1701 2410 1785 2454 hoc

411 2485 486 2515 eos
505 2487 589 2517 non
609 2473 772 2528 docuit,
795 2482 842 2519 ut
861 2475 986 2518 otiari
1011 2476 1176 2534 poffint.
