1898 3308
365 191 461 236 DE
504 191 936 237 REPUBLICA
981 192 1110 235 VIII.
1140 204 1186 249 3.
1389 191 1471 247 651

0 280 315 379 gwala,
340 329 496 374 neque
530 314 784 359 illiberalem
821 314 919 358 sunt
952 314 1186 358 redditura.
1246 313 1478 357 Sordidum

223 381 439 443 illiberale
467 398 629 426 munus
660 383 747 426 hoc
776 383 832 426 est
862 382 1127 435 habendum,
1148 392 1192 424 et
1212 382 1306 425 haec
1326 398 1391 424 ars
1411 391 1479 424 at-

26 507 28 510 *
81 450 297 511 when
304 451 526 510 disciplina
543 453 641 495 sunt
663 452 891 494 illiberales
914 450 1180 509 judicandae,
1203 467 1301 509 quae
1321 453 1373 494 ad
1396 453 1479 494 vir-

13 547 26 575 „1
66 520 307 579 .musun
323 530 367 564 et
385 521 591 574 ustiones,
615 522 841 564 hominum
868 521 1100 563 liberorum
1129 529 1204 562 aut
1233 535 1386 578 corpus
1413 521 1480 563 in-

6 599 41 651 4
82 586 196 641 filil·
220 583 442 642 efficiunt,
481 600 556 633 aut
597 590 808 640 animum,
859 599 934 631 aut
981 589 1136 631 ment-is
1184 588 1601 647 agitationem.307

0 667 31 727 L:¹1
82 654 310 710 Quocirca
338 658 383 700 et
413 657 520 702 tales
547 668 659 701 artes
695 673 860 709 omneS‚
892 672 989 714 quae
1021 659 1485 714 corpus'corrumpunt

0 723 43 815 ἐ
85 724 364 784 redduntque
399 726 605 778 deterius,
641 738 687 786 et
724 741 874 783 operas
914 725 1212 777 mercenarias,
1252 725 1485 768 illiberales

0 794 29 851 ζ)
86 793 384 853 ‚appellamus‘z
416 804 606 849 mentem
637 795 754 838 enim
785 805 1035 851 occupatam
1069 804 1201 852 atque
1233 794 1483 851 impeditam

8 879 29 902 1
87 860 509 922 distinent,‚eamque
539 863 748 907 humilem
771 863 972 906 reddunt.
1033 864 1134 905 Non
1157 863 1213 905 est
1234 863 1485 905 autem-illi·

8 927 23 954 ⁴
90 930 249 984 bertulo,
269 931 485 982 nonnullis
515 931 701 975 scientiis
730 931 982 975 liberalibus
1002 931 1134 989 usque
1153 931 1205 973 ad
1223 931 1411 988 aliquem
1435 932 1485 974 fi-

90 1013 194 1048 nem
222 998 472 1044 instru&um
494 1010 635 1058 -atque
665 1009 862 1044 ornatum
893 1000 1002 1042 effe:
1037 999 1105 1042 sed
1139 1000 1182 1042 in
1212 1015 1283 1042 eas
1316 1000 1486 1043 incum-

90 1068 210 1123 bere,
229 1067 361 1126 iisque
390 1068 562 1113 affixum
594 1069 674 1113 effe
705 1069 837 1127 usque
857 1084 924 1120 eo,
947 1069 1084 1111 donec
1098 1068 1160 1111 ad
1183 1069 1488 1126 perfeffionem

14 1143 24 1152 “’
91 1146 346 1196 pauentum
368 1137 432 1190 fit,
454 1137 499 1181 id
519 1137 573 1181 ad
592 1153 642 1180 ea
662 1138 950 1197 incommoda,
976 1153 1072 1194 quae
1093 1153 1117 1180 a
1139 1137 1264 1180 nobis
1293 1153 1487 1181 comme·

95 1215 262 1254 morata
297 1207 411 1260 sum,
449 1206 665 1265 objeffium
700 1209 774 1252 est.
836 1209 1040 1250 Praeterea
1075 1207 1262 1250 multum
1304 1208 1488 1261 interest,

95 1275 231 1333 cujus,
256 1275 317 1324 rei
346 1276 489 1335 gratia
513 1276 609 1333 quis
641 1275 802 1333 aliquid
833 1286 934 1334 agat
963 1284 1037 1317 aut
1069 1275 1231 1318 discat:
1265 1275 1336 1318 sua
1371 1277 1489 1320 enim

95 1343 234 1396 causa,
265 1353 341 1394 aut
370 1345 624 1396 amicorum,
660 1354 734 1387 aut
767 1354 936 1402 propter
967 1344 1167 1386 virtutem
1200 1344 1374 1398 discere,
1405 1361 1490 1388 non

97 1412 154 1455 est
173 1411 395 1456 illiberale.
455 1413 546 1458 Qui
569 1400 667 1456 vero
689 1414 771 1456 hoc
790 1422 892 1470 agat
911 1422 1082 1469 propter
1104 1412 1228 1465 alios,
1250 1413 1356 1472 saepe
1377 1430 1491 1458 mer-⁴

96 1482 319 1529 aenariam
342 1482 548 1541 quiddam
570 1493 615 1526 et
635 1483 783 1525 servile
812 1497 939 1540 agere
962 1481 1167 1524 videatur.
1229 1483 1340 1526 Quae
1362 1484 1497 1542 igitur

99 1565 216 1595 nunc
235 1552 310 1594 usu
331 1562 511 1609 receptae
533 1561 576 1595 et
598 1552 708 1594 tritae
735 1551 831 1593 sunt
859 1548 1108 1607 disciplinae,
1130 1551 1494 1606 quemadmodum

98 1621 221 1677 supra
247 1619 415 1666 difium
443 1620 519 1673 est,
550 1619 756 1678 ancipites
779 1619 891 1672 sunt,
921 1627 966 1661 et
992 1617 1035 1660 in
1066 1626 1298 1676 utramque
1325 1630 1489 1676 partem

104 1686 262 1735 ment.

658 1898 696 1942 c
719 1898 756 1941 A
772 1899 815 1942 P.
860 1900 944 1942 111
1642 1924 1721 1963 m·

102 1999 177 2079 Df
187 2020 370 2081 quatuor
397 2012 449 2056 iis
477 2029 564 2072 quae
578 2014 678 2072 suos
706 2013 847 2056 liberos
871 2014 1008 2056 Graeci
1037 2014 1170 2058 docere
1186 2015 1336 2074 solem,
1357 2015 1499 2070 literis,

175 2071 486 2154 5ymnastica,
507 2099 571 2125 mu
585 2098 663 2136 tca,
680 2083 914 2142 graphica.-
939 2083 1139 2142 praecipue
1158 2087 1207 2126 de
1227 2085 1386 2141 mzfica.

160 2172 471 2220 QUATUOR
498 2182 644 2216 autem
677 2172 764 2216 fere
795 2173 907 2227 sunt,
942 2189 1040 2232 quae
1070 2190 1222 2233 pueros
1252 2176 1406 2220 docere
1438 2176 1502 2220 so—

104 2204 238 2289 lentie*
275 2240 436 2294 literas,
466 2250 512 2284 et
547 2251 682 2286 artem
723 2256 950 2300 corporum
990 2243 1341 2297 exercendorum,
1373 2261 1503 2303 quam

106 2309 420 2369 gymnasticam
437 2309 583 2354 Graeci
601 2319 771 2362 vocant,
790 2319 835 2353 et
850 2310 1069 2364 muficam,
1088 2322 1149 2364 et,
1164 2312 1280 2370 quod
1302 2322 1506 2371 quartum

107 2379 186 2432 nst,
205 2377 404 2424 nonnulli
433 2387 570 2421 artem
601 2377 823 2436 pingendi.
886 2379 1225 2422 Grammaticam
1254 2381 1430 2438 quidem
1464 2392 1509 2425 et

38 2459 49 2479 ’-
108 2457 248 2496 {rtem
279 2446 504 2506 pingendi,
524 2455 574 2490 ut
604 2446 659 2490 ad
690 2446 822 2489 vitam
852 2447 982 2490 utiles
1001 2457 1046 2490 et
1068 2448 1216 2491 multis
1247 2449 1508 2493 utilitatibus

36 2516 58 2569 j
105 2515 666 2575 ,tqueopportunitatibus
698 2514 903 2558 refertas:
935 2517 1244 2574 gymnasticam
1275 2526 1436 2571 autem,
1460 2528 1508 2562 ut

106 2582 171 2640 fid
189 2582 482 2629 fortitudinem
503 2583 804 2642 pertinentem.
863 2584 933 2626 De
952 2584 1109 2627 mufica
1128 2600 1254 2642 porro
1280 2585 1507 2629 dubitave-

6 2666 27 2674 ''
51 2687 57 2690 ·
109 2651 178 2705 tlt.
199 2651 385 2711 aliquis:
419 2667 534 2697 nunc
552 2652 667 2696 enim
689 2651 880 2710 plerique
902 2661 1103 2709 tanquam
1127 2654 1358 2711 voluptatis
1388 2656 1512 2698 causa

29 2741 46 2754 ·«
115 2719 219 2780 eju&
241 2720 376 2771 studio
404 2721 654 2764 ducuntur:
687 2721 760 2764 alii
795 2735 889 2763 eam
919 2722 974 2764 ab
1005 2721 1130 2764 initio
1150 2722 1194 2764 in
1215 2723 1397 2780 pueritia
1425 2723 1510 2766 dis-

115 2787 299 2841 cendam
337 2788 674 2848 proposuerunt:
719 2797 942 2846 propterea
977 2789 1094 2846 quod
1133 2789 1222 2847 ipsa
1259 2800 1425 2844 natura,
1466 2791 1512 2834 id

33 2845 39 2853 ’
117 2855 238 2916 quod
266 2857 560 2918 sepenumero
588 2873 614 2900 a
644 2856 769 2902 nobis
797 2855 964 2900 diolum
986 2858 1057 2911 est,
1079 2857 1168 2901 vias
1187 2873 1338 2902 omnes
1357 2860 1514 2918 quaerit
