1898 3308
462 177 550 237 464
810 191 812 193 ·
895 179 1397 247 ARISTOTEms
1449 180 1451 182 ·

461 304 578 347 enim
609 304 654 348 in
682 305 959 351 multitudine
982 309 1274 367 ingeneratur.
1334 307 1551 352 Quocirca
1573 304 1618 350 in
1642 304 1725 368 hac
1746 301 1832 350 'rei-

462 372 647 428 publicae
673 374 1006 418 administrandae
1034 376 1184 427 forma,
1204 375 1389 418 maxime
1418 375 1676 428 dominatur,
1695 373 1833 417 maxi·-

463 453 662 497 mamque
689 443 932 498 potestatem
960 442 1125 486 obtinet
1153 458 1202 485 ea
1221 457 1315 500 pars
1334 442 1534 496 civitatis,
1552 457 1649 500 quae
1667 455 1744 500 pro
1763 455 1833 484 re—

462 506 590 564 liquis
624 509 788 553 civibus
826 521 1096 569 propugnat:
1139 512 1406 568 maximeque
1441 511 1532 569 ejus
1570 512 1666 555 sunt
1702 509 1832 569 parti-

463 573 594 632 cipes,
625 577 699 634 qui
730 592 846 621 arma
874 588 1037 622 tenent.
1098 578 1390 636 Degreffiones
1417 588 1560 622 autem
1580 579 1634 622 ab
1658 578 1712 621 iis
1735 592 1834 635 quae

465 641 579 685 dicta
595 643 707 698 sunt,
721 646 967 703 reipublicae
987 647 1318 690 administrandae
1337 647 1500 699 formis,
1517 647 1627 699 sunt,
1646 644 1836 704 tyrannia

464 709 639 766 quidem
664 727 690 754 a
709 727 869 771 regno:
900 729 1133 771 paucorum
1161 723 1304 757 autem
1323 714 1564 771 potentium
1591 712 1833 771 imperium,

463 777 518 818 ab
544 778 800 840 optimatum
833 782 1059 838 potestate:
1092 781 1238 838 populi
1267 796 1366 824 vero
1397 781 1590 838 potestas,
1615 795 1648 824 a
1669 778 1834 838 politia.

462 845 674 902 Tyrannis
695 847 809 889 enim
840 849 1085 891 monarchia
1100 850 1159 891 est
1177 848 1248 891 seu
1269 849 1394 891 unius
1414 847 1640 924 imperium
1663 847 1719 891 ad
1744 846 1835 905 ejus

463 913 541 970 qui
569 913 679 956 solus
708 915 902 972 imperat,
920 917 1148 960 utilitatem
1177 917 1394 975 spectans·
1424 904 1660 974 paucorum·
1677 914 1836 974 p'rinci-
1849 947 1853 952 .

464 989 603 1052 patus,
635 983 688 1025 ad
718 985 946 1028 commoda
976 984 1191 1027 divitum:
1222 985 1365 1043 populi
1395 986 1589 1042 potestas,
1616 984 1672 1028 ad
1699 998 1836 1043 egen-

464 1047 607 1090 tium:
630 1050 881 1107 reipublicae
908 1052 1135 1095 utilitatem
1153 1060 1294 1096 autem
1315 1051 1433 1096 nulla
1450 1066 1590 1096 earum
1610 1051 1744 1131 habet
1762 1049 1835 1095 fibi

464 1116 736 1174 propofitam.

1039 1257 1239 1292 —-'⁴---

988 1393 1027 1436 C
1042 1394 1084 1435 A
1100 1385 1146 1436 Pss
1190 1393 1319 1436 VIII.

467 1501 538 1544 Ex
551 1502 732 1562 subjefla
759 1504 941 1558 materia,
962 1506 1032 1548 hoc
1060 1505 1124 1563 (st,
1148 1523 1196 1549 ex
1224 1506 1390 1559 civibus,
1406 1505 1586 1564 sormam
1612 1503 1838 1562 reipublicae

973 1574 1142 1616 variare
1159 1573 1333 1631 ostendit.

518 1659 644 1703 JAM
662 1675 761 1704 vero
781 1670 952 1720 oportet
977 1662 1105 1721 paulo
1129 1663 1323 1722 pluribus
1350 1662 1503 1717 verbis,
1520 1676 1620 1722 quae
1644 1661 1698 1706 fit
1727 1675 1835 1710 una·

463 1738 654 1786 quaeque'
685 1729 836 1777 harum
875 1731 1119 1789 reipublicae
1155 1732 1387 1776 formarum
1423 1736 1664 1790 exponeret
1709 1731 1840 1774 habet

464 1795 579 1838 enim
609 1796 704 1840 haec
731 1812 796 1840 res
823 1798 1094 1842 difficultates
1112 1800 1313 1858 quasdam
1332 1800 1387 1843 ad
1403 1798 1703 1858 explicandum
1725 1798 1837 1842 diffi-

464 1862 567 1906 ciles
598 1874 726 1922 atque
755 1866 967 1909 obscuraS.
1038 1868 1089 1909 Ei
1118 1876 1279 1920 autem,
1307 1867 1383 1925 qui
1414 1867 1468 1914 in,
1490 1874 1744 1925 unaquaque
1773 1865 1840 1908 in-

463 1930 678 1975 stitutione
707 1933 1040 1991 philosophatur,
1061 1949 1202 1993 neque
1231 1936 1284 1978 ad
1312 1931 1526 1993 agendum
1553 1934 1689 1978 solum
1716 1949 1852 1986 curas-

462 2007 508 2041 et
526 2000 810 2058 cogitationes
830 2003 920 2045 suas
941 2003 1121 2056 confert,
1142 1999 1342 2047 convenit
1360 2004 1510 2046 acriter
1525 2011 1568 2046 et
1589 2017 1676 2046 non
1692 2003 1837 2061 ,negli-

462 2076 616 2124 genter
650 2083 758 2122 rem,
793 2069 847 2112 de
881 2085 965 2127 qua
1000 2070 1158 2128 agitur,
1192 2071 1380 2124 intueri:
1425 2085 1565 2129 neque
1604 2070 1834 2130 quicquam

460 2137 798 2192 praetermittere,
820 2138 890 2180 sed
919 2139 1078 2195 aperire
1096 2154 1145 2182 ae
1164 2140 1400 2197 patefacere
1429 2140 1474 2182 in
1507 2154 1678 2199 quaque
1696 2154 1742 2183 re
1761 2154 1835 2183 ve-

460 2204 648 2247 ritatem.
705 2206 773 2248 Est
792 2206 926 2263 igitur
945 2207 1138 2265 tyrannis
1157 2207 1331 2265 quidem
1357 2208 1581 2265 imperium
1610 2197 1736 2251 unius
1756 2208 1835 2251 he-

422 2296 427 2299 ·
461 2273 556 2326 rile,
592 2275 958 2332 quemadmodum
993 2276 1155 2319 dietum
1189 2278 1262 2330 est,
1294 2278 1337 2319 in
1374 2277 1616 2337 societatem
1650 2275 1836 2321 civilem.
1862 2327 1868 2332 ⁵

430 2353 438 2359 ·
464 2342 700 2385 Paucorum
731 2341 957 2400 imperium
993 2352 1138 2386 autem
1173 2345 1245 2387 seu
1278 2345 1526 2403 oligarchia,
1554 2345 1626 2398 est,
1658 2359 1758 2388 cum
1789 2346 1837 2398 ii,

462 2424 647 2466 quorum
667 2425 733 2453 res
752 2410 969 2454 familiaris
989 2412 1134 2469 ampla
1161 2422 1204 2455 et
1233 2413 1431 2470 praeclara
1449 2414 1521 2465 cst,
1542 2412 1836 2456 austeritatem

463 2487 507 2520 et
541 2478 809 2521 dominatum
846 2480 1043 2523 obtinent
1081 2481 1125 2522 in
1162 2481 1393 2538 republica.
1467 2481 1619 2538 Populi
1658 2482 1837 2538 potestas

463 2555 627 2599 contra,
648 2562 747 2605 quae
773 2546 1031 2590 democratia
1050 2563 1075 2590 a
1096 2549 1260 2591 Graecis
1279 2548 1526 2606 appellatur,
1546 2563 1644 2592 cum
1675 2549 1706 2591 ii
1737 2549 1835 2607 qui-

463 2614 545 2656 bus
575 2628 662 2658 non
691 2614 834 2672 ampla
863 2630 1003 2673 neque
1031 2616 1162 2668 lauta,
1182 2616 1251 2658 sed
1280 2618 1452 2674 angusta
1470 2624 1514 2659 et
1532 2617 1673 2660 tenuia
1694 2618 1751 2659 est
1770 2632 1837 2661 res

462 2679 696 2734 familiaris,
717 2682 1023 2740 rempublicam
1045 2684 1349 2728 administrant.
1410 2685 1548 2727 Prima
1564 2693 1708 2734 autem
1729 2683 1837 2727 diffi-

462 2749 599 2792 cultas
619 2764 668 2792 ac
687 2750 900 2793 dubitatio
919 2751 971 2793 ad
991 2751 1256 2809 superiorem*
1275 2752 1583 2808 distinfflonem
1602 2752 1836 2810 pertinens,

461 2817 519 2858 est
540 2817 649 2871 haec,
672 2819 791 2876 quod
819 2819 845 2868 fi
881 2819 1039 2876 plures,
1060 2819 1135 2877 qui
1158 2819 1269 2863 sunt.
1285 2820 1538 2878 locupletes,
1568 2819 1836 2865 dominatum
1855 2830 1858 2835 ’
