1898 3308
416 183 508 226 618·-
740 217 744 221 ‚
856 183 1352 231 ARISTOTELIS

412 305 543 363 gibus
571 306 773 350 educatos
801 323 852 351 ac
880 309 1123 368 peregrinos
1157 309 1199 352 in
1231 310 1334 353 urbe
1365 306 1527 360 versari,
1548 306 1792 353 inutilem:

414 383 519 416 cunt
550 375 643 429 effe,
674 384 766 418 tum
797 377 849 420 ad
878 378 1035 420 bonam
1061 378 1208 436 legum
1237 377 1557 429 institutionem,
1578 385 1672 420 tum
1689 391 1787 435 pvo-

295 430 402 496 269
415 451 556 500 pterea
573 444 688 501 quod
706 444 813 502 parit
837 445 1018 494 nimiam·
1042 446 1266 500 hominum
1294 444 1612 488 multitudinem
1632 460 1643 488 ε
1670 444 1792 488 tusci*

412 510 527 553 enim
561 526 614 555 ex
644 512 721 554 usu
751 512 896 564 maris,
926 522 970 555 et
1002 513 1261 555 commercio
1291 526 1430 554 rerum
1461 511 1782 565 maritimarum,

409 579 625 623 mercibus
659 580 929 638 exportandis
964 590 1009 622 et
1042 578 1335 637 importandis,
1371 587 1670 623 mercatomm-
1689 587 1783 623 tur-

408 646 532 690 bam:
565 648 790 689 hominum
810 657 952 689 autem
974 646 1294 689 multitudinem
1315 645 1654 699 immoderatam,
1674 661 1785 705 quo-

408 714 553 758 minus
585 716 820 772 respublica
848 717 958 759 bene
991 716 1315 768 administretur,
1345 714 1563 759 adversari.
1585 714 1791 758 *Utilius

407 781 542 839 igitur
576 783 671 835 effe,
708 784 734 825 fi
768 785 863 827 haec
897 785 1170 827 incommoda
1198 799 1290 826 non·
1315 783 1576 836 usuveniant,
1606 791 1700 826 tum
1728 783 1783 826 ad

406 850 673 893 stabilitatem
704 860 748 894 et
775 852 1115 895 incolumitatem
1145 851 1328 895 civitatis
1351 852 1406 894 ab
1429 851 1547 894 omni
1567 851 1720 911 injuria
1737 860 1783 895 et

404 918 598 974 periculo
618 928 772 972 tutam,
793 928 886 962 tum
917 919 971 962 ad
1000 919 1246 963 facultatem
1275 929 1321 962 et
1349 920 1515 978 copiam
1543 934 1682 964 rerum
1703 935 1781 965 ne·

404 984 682 1039 ceffariarum,
705 987 800 1029 urbi
829 995 874 1030 et
901 1002 1004 1045 agro
1030 988 1204 1046 aliquod
1223 987 1302 1030 effe
1321 1002 1422 1030 cum
1441 987 1547 1030 mari
1566 1000 1781 1032 omnmer-

404 1052 538 1106 cium,
555 1069 639 1096 non
656 1055 711 1097 est
731 1055 971 1098 obscurum.
1030 1057 1146 1099 Nam
1168 1063 1212 1098 et
1230 1054 1282 1098 ad
1302 1054 1483 1098 hostium
1495 1054 1779 1100 *ineurfionem

403 1118 571 1163 facilius
610 1121 904 1175 sustinendam,
943 1130 1126 1180 oportet,
1161 1122 1222 1164 eis
1257 1121 1332 1180 qui
1366 1121 1463 1164 salvi
1485 1120 1578 1165 'effe
1611 1121 1778 1175 volunt,

403 1189 602 1246 utrinque
623 1199 732 1233 terra
752 1201 795 1233 et
815 1191 920 1234 mari
941 1190 1143 1234 auxilium
1171 1190 1267 1233 ferri
1289 1190 1400 1248 poffe
1417 1206 1428 1233 :
1458 1198 1504 1233 et
1521 1198 1572 1233 ut
1589 1189 1789 1235 hostibus*

401 1255 701 1301 invadentibus
729 1258 1032 1301 detrimentum
1070 1258 1224 1302 inferre
1256 1266 1430 1315 queant,
1461 1258 1487 1299 fi
1518 1272 1570 1300 ex
1601 1266 1780 1316 utraque

401 1335 519 1383 parte
540 1327 585 1370 id
605 1342 690 1369 non
712 1327 867 1385 poterit
897 1328 1001 1380 fieri,
1031 1335 1074 1370 at
1100 1341 1152 1370 ex
1183 1327 1314 1369 altera
1336 1326 1473 1384 magis
1492 1325 1656 1380 licebit,
1675 1341 1778 1370 cum

399 1395 619 1453 utriusque
639 1396 718 1438 erit
737 1395 797 1438 eis
817 1397 1101 1440 communitas
1123 1403 1166 1439 et
1185 1394 1440 1438 consortium
1458 1410 1470 1438 ε
1502 1404 1704 1452 praeterea
1731 1403 1790 1439 et·

396 1478 494 1520 quae
525 1464 636 1522 apud
667 1479 741 1507 eos
770 1464 882 1507 forte
913 1480 997 1507 non
1028 1465 1139 1517 sunt,
1172 1464 1267 1506 haec
1293 1464 1347 1506 ab
1377 1462 1469 1505 aliis
1497 1463 1702 1520 accipere,
1731 1471 1778 1507 et

396 1546 494 1588 quae
515 1531 726 1589 superant,
748 1548 799 1575 ea
819 1533 874 1576 ad
893 1533 998 1575 alios
1017 1540 1235 1590 exportare
1254 1531 1414 1574 necefl'e
1431 1531 1489 1574 est
1503 1531 1622 1574 :ffibi
1640 1531 1776 1586 enim,

397 1614 485 1642 non
520 1600 613 1643 aliis
648 1601 795 1644 civitas
828 1601 966 1644 facere
999 1610 1278 1644 mercaturam
1307 1599 1450 1643 debet.
1495 1599 1602 1644 nui
1629 1606 1775 1643 autem

394 1666 595 1710 omnibus
617 1667 730 1725 apud
751 1668 791 1710 se
808 1677 1043 1711 mercatum
1059 1668 1252 1726 praebent
1269 1682 1319 1710 ac
1339 1674 1597 1725 proponunt,
1608 1666 1648 1709 ‘ii
1667 1680 1773 1709 eon-

394 1734 589 1777 oiliandae
615 1737 808 1793 pecuniae
836 1736 975 1795 gratia
1003 1737 1099 1779 haec
1127 1743 1278 1795 agunt.
1338 1735 1471 1779 Quod
1490 1735 1518 1779 fi
1538 1750 1625 1778 non
1644 1749 1772 1793 opor-

395 1810 458 1845 tet
477 1803 692 1847 civitatem
713 1813 829 1849 tanta
847 1804 1245 1863 supervacanearum
1275 1800 1320 1847 et
1346 1803 1642 1851 immensarum
1661 1803 1772 1846 divi-

394 1870 547 1914 tiarum
570 1872 803 1929 cupiditate
823 1873 985 1925 ardere,
1006 1888 1058 1914 ne
1079 1882 1314 1915 mercatum
1338 1872 1512 1930 quidem
1541 1870 1671 1914 talem
1691 1870 1770 1914 de-

392 1939 467 1982 bet
498 1939 656 1982 habere
685 1940 798 1998 apud
829 1939 870 1982 se
901 1940 1154 1983 institutum.
1215 1940 1433 1985 Quoniam
1467 1948 1609 1983 autem
1640 1939 1771 1982 etiam

392 2022 510 2050 nunc
541 2007 687 2050 multis
715 2016 764 2050 ,et
795 2007 1042 2065 regionibus
1074 2017 1118 2050 et
1151 2008 1328 2050 urbibus
1358 2007 1522 2049 navalia
1549 2014 1594 2050 et
1621 2014 1770 2064 portus

392 2073 472 2116 effe
492 2074 698 2127 videmus,
719 2075 779 2117 ita
799 2085 896 2133 apte
915 2084 958 2118 et
977 2083 1212 2132 opportune
1240 2076 1336 2117 fitos
1365 2074 1542 2127 civitati,
1562 2082 1612 2116 ut
1631 2088 1770 2132 neque

390 2142 505 2187 idem
534 2144 737 2200 oppidum
767 2153 993 2201 occupent,
1020 2158 1158 2201 neque
1190 2143 1423 2186 admodum
1451 2142 1581 2201 longe
1600 2141 1768 2196 distent,

389 2209 461 2255 sed
494 2211 707 2255 moenibus
744 2211 1044 2254 communibus
1077 2219 1122 2254 et
1149 2210 1242 2253 aliis
1275 2210 1554 2254 munimentis
1584 2224 1635 2253 ac
1667 2224 1766 2266 pro-

388 2278 644 2336 pugnaculis
679 2280 1006 2323 contineantur:
1038 2279 1082 2321 in
1114 2289 1319 2336 promptu¹
1346 2279 1419 2332 est,
1456 2279 1485 2322 fi
1517 2277 1624 2336 quid
1655 2277 1782 2333 forte*

390 2346 672 2389 emolumenti
701 2363 754 2390 ex
782 2348 862 2390 hac
894 2347 1198 2390 communione
1218 2346 1420 2404 proficisci
1441 2347 1587 2404 potest,
1607 2345 1691 2389 hoc
1711 2345 1765 2388 ad

390 2414 606 2458 civitatem
627 2416 707 2458 effe
727 2424 1027 2472 perventurum
1047 2432 1058 2459 ι
1091 2416 1147 2458 ίῑη
1175 2415 1336 2473 aliquid
1354 2414 1614 2466 detrimenti,
1635 2414 1678 2457 id
1699 2413 1763 2456 fa·

273 2488 304 2537 2
313 2487 339 2537 7
347 2482 473 2529 Ocile
502 2484 625 2526 vitari
654 2484 763 2540 posse
787 2484 971 2541 legibus,
992 2483 1065 2526 ubi
1099 2482 1409 2541 pronuntiarint
1435 2492 1481 2525 et
1509 2481 1763 2535 definierint,

391 2566 497 2608 quos
529 2567 612 2594 non
645 2560 853 2609 oporteat,
874 2562 917 2594 et
945 2566 1052 2609 quos
1080 2560 1272 2608 oporteat
1297 2551 1406 2594 inter
1425 2550 1466 2593 se
1486 2550 1761 2593 commisceri.

390 2618 571 2660 Classem
590 2627 749 2671 autem,
770 2626 813 2661 et
841 2619 984 2676 copias
1014 2619 1181 2662 navales
1210 2618 1471 2661 utiliffimum
1501 2617 1580 2660 effe
1607 2617 1761 2660 habere

386 2685 517 2742 usque
538 2686 590 2729 ad
610 2687 795 2744 aliquam
815 2686 1134 2729 multitudinem
1153 2701 1202 2729 ac
1221 2686 1578 2744 magnitudinem,
1599 2699 1684 2727 non
1703 2685 1761 2728 est

384 2754 625 2797 obscurum.
685 2757 788 2798 Non
809 2755 921 2799 enim
942 2755 1016 2798 fibi
1036 2755 1168 2798 solum
1194 2755 1264 2798 sed
1289 2755 1417 2797 etiam
1438 2753 1626 2797 finitimis
1645 2767 1774 2796 non-„-

385 2822 512 2870 nullis
531 2823 725 2881 opitulari
757 2823 886 2882 poste,
907 2832 952 2867 et
970 2823 1264 2868 formidolosos
1292 2823 1372 2867 effe
1400 2830 1583 2882 oportet,
1603 2836 1770 2882 quemn.
