1898 3308
442 185 526 227 606
772 240 776 244 ,
882 183 1383 232 ARISTOTELIS

393 333 395 337 f
439 307 493 349 ad
513 321 642 350 unam
661 307 834 365 quidem
853 307 1096 352 divifionem
1127 309 1295 363 attinet,
1329 309 1372 352 in
1404 309 1721 360 controversiam
1740 317 1821 355 w

441 376 561 428 earit,
592 376 713 433 quin,
749 388 848 420 cum
883 377 961 420 tria
991 379 1069 420 fint
1100 379 1310 420 bonorum
1344 386 1735 436 genera„externa‚'
1763 391 1825 421 ea

441 458 538 500 quae
558 443 652 486 sunt
671 444 715 487 in
735 458 928 502 corpore,
949 460 998 486 ea
1026 461 1125 502 quae
1155 444 1199 486 in
1224 445 1384 498 animo,
1406 444 1498 488 haec
1517 445 1665 488 omnis
1679 444 1819 488 beatio

440 511 661 569 suppetere
680 521 885 570 oporteat.
944 514 1090 555 Nemo
1119 512 1234 554 enim
1263 512 1436 555 beatum
1461 512 1614 555 dixerit
1633 527 1750 566 eum,
1770 512 1815 554 in

439 595 527 636 quo
548 596 685 639 neque
704 582 982 633 fortitudinis,
1003 595 1142 638 neque
1162 580 1470 637 temperantiae,
1491 595 1630 639 neque
1642 580 1819 638 justitia!

441 650 646 706 particula
664 650 758 692 infit
777 650 893 692 ulla:
927 650 994 691 sed
1023 650 1097 706 qui
1124 649 1287 691 muscas
1316 646 1703 701 circumvolitent&
1720 661 1815 691 me-

324 710 430 763 256
443 725 550 769 tuat,
571 726 615 759 et
635 732 733 759 cum
752 716 902 759 esuriat
921 725 996 759 aut
1016 716 1136 768 fitiat,
1158 715 1274 758 nulla
1293 730 1338 757 re
1358 715 1429 758 fibi
1449 718 1658 772 temperet
1682 715 1813 763 etiam

439 783 664 827 deterrima
683 793 810 841 atque
830 793 1032 837 extrema,
1053 784 1212 826 amicos
1233 783 1458 835 cariffimos
1481 787 1610 839 atque
1637 781 1816 826 intimos

380 910 383 913 Δ
438 856 494 896 ob
514 854 790 911 quadrantem
809 854 1045 896 interimat:
1078 853 1350 911 similiterque
1369 853 1411 894 in
1434 852 1486 895 iis
1501 867 1598 908 quae
1618 851 1671 894 ad
1687 865 1825 894 men*

437 931 525 964 tem
546 922 741 974 attinent,
763 937 883 979 aeque
903 922 950 963 fit
971 921 1216 978 imprudens
1236 929 1278 963 et
1298 935 1460 973 excorS,
1486 920 1662 978 parique
1690 933 1813 962 men-

439 990 494 1031 tis
515 1004 652 1032 errore
669 990 888 1041 afficiatur,
908 997 1035 1046 atque
1054 1004 1156 1046 puer
1181 987 1334 1046 aliquis
1363 997 1452 1030 aut,
1465 988 1644 1031 insanus.
1705 988 1816 1043 Haec

438 1058 571 1115 igitur
591 1074 687 1115 quae
708 1058 768 1100 ita
787 1058 1000 1109 dicuntur,
1022 1072 1189 1109 omneS,
1208 1065 1257 1098 ut
1277 1056 1479 1108 diximus,
1498 1070 1586 1098 uno
1611 1070 1686 1099 ore
1704 1051 1812 1098 con'ss·

437 1126 654 1168 cesserint:
687 1126 758 1168 sed
788 1126 843 1168 de
875 1134 1037 1183 quanto
1066 1133 1110 1167 et
1138 1124 1390 1167 excellentia
1418 1123 1695 1166 immoderata
1718 1137 1811 1166 am-

438 1193 609 1250 bigunt.
668 1193 857 1236 Virtutis
886 1193 999 1235 enim
1030 1192 1473 1250 quantulumcumque
1495 1191 1696 1243 habeant,
1716 1191 1815 1234 satie

436 1261 477 1303 se
497 1260 654 1303 habere
673 1260 922 1302 existimant.
981 1259 1237 1302 Divitiarum
1262 1273 1360 1301 vero
1380 1269 1423 1301 et
1442 1259 1650 1316 pecuniae,
1671 1267 1715 1300 et
1731 1265 1829 1316 po-v

435 1330 598 1381 tentiae,
617 1338 661 1372 et
679 1330 845 1387 gloriae,
866 1338 910 1371 et
930 1329 1076 1371 talium
1098 1328 1289 1371 omnium
1311 1342 1454 1370 rerum
1472 1327 1692 1385 cupiditati
1709 1327 1810 1370 hul,-

435 1397 527 1439 lum
548 1398 727 1440 modum
747 1398 946 1450 statuunt,
967 1396 1135 1439 nullum
1166 1396 1290 1438 finem
1321 1396 1563 1453 imponunt.
1621 1395 1716 1439 Nos
1733 1411 1810 1439 au·

435 1474 523 1507 tem
555 1465 617 1507 eis
648 1465 1007 1522 respondebimuS‚
1038 1463 1161 1506 facile
1190 1463 1364 1521 quidem
1397 1463 1477 1506 effe
1508 1463 1577 1506 his
1601 1463 1656 1506 de
1683 1453 1811 1506 rebus

434 1534 564 1576 etiam
599 1549 651 1576 ex
683 1533 805 1576 factis
836 1541 1088 1591 argumenta
1120 1532 1173 1574 ad
1204 1531 1330 1575 fidem
1364 1529 1600 1574 faciendam
1630 1530 1811 1584 sumere,

434 1616 532 1644 cum
565 1602 799 1653 videamus,
821 1615 893 1643 eos
924 1615 1068 1658 parare
1096 1608 1139 1642 et
1168 1599 1347 1642 retinere
1375 1614 1458 1641 non
1489 1599 1667 1642 virtutes
1683 1599 1813 1642 bonis·

434 1670 635 1721 externis,
667 1670 736 1712 sed
769 1671 881 1712 bona
914 1678 1087 1711 externa
1119 1668 1374 1711 virtutibus:
1407 1677 1451 1710 et
1484 1669 1607 1711 beate
1640 1667 1810 1711 vivendi

435 1738 699 1790 facultatem,
721 1738 801 1780 five
820 1753 869 1780 ea
889 1737 1135 1779 hominibus
1164 1738 1292 1794 pofita
1322 1736 1368 1778 fit
1397 1735 1441 1778 in
1469 1736 1699 1794 voluptate,
1727 1736 1809 1780 five

435 1806 477 1848 in
499 1806 670 1858 virtute,
691 1806 770 1848 five
791 1814 988 1862 utroque,
1008 1804 1148 1846 datam
1180 1805 1260 1846 effe
1291 1803 1493 1861 majorem
1517 1804 1578 1847 -iis
1604 1804 1682 1862 qui
1711 1819 1807 1850 mo·

434 1890 528 1917 rum
550 1875 725 1932 quidem
745 1885 789 1917 et
808 1874 964 1916 mentis
984 1873 1209 1915 virtutibus
1238 1873 1411 1929 egregie
1425 1882 1473 1914 et
1491 1873 1614 1929 supra.
1626 1872 1809 1916 modum

433 1945 529 1986 sunt
546 1943 753 1995 exornati,
772 1942 984 1985 bonorum
1014 1951 1156 1983 autem
1189 1950 1457 1983 externorum
1485 1940 1618 1996 copiis
1637 1940 1806 1983 medio·

433 2011 560 2053 criter
587 2010 802 2054 instruet-i:
831 2025 959 2066 quam
987 2009 1038 2051 iis
1068 2009 1157 2065 qui,
1176 2017 1276 2050 cum
1301 2007 1439 2050 multo
1459 2007 1580 2064 plura
1597 2009 1809 2050 bona-ex-·

432 2089 555 2123 terna
581 2080 765 2122 habeant
795 2079 1110 2134 supervacanea,
1131 2092 1259 2134 quam
1290 2076 1343 2118 ad
1373 2076 1532 2118 vietum
1553 2075 1810 2132 cultumque

433 2148 569 2201 utilia,
605 2163 630 2190 a
664 2146 891 2190 virtutibus
927 2146 1004 2187 fint
1042 2145 1188 2202 inopes
1227 2159 1276 2186 ac
1316 2143 1439 2186 vacui
1458 2159 1469 2184 ε
1515 2151 1806 2187 verumtamen
1830 2184 1833 2187 .

431 2218 561 2260 etiam
581 2217 633 2259 iis
654 2216 725 2273 qui
746 2216 854 2258 hanc
873 2213 1146 2271 quaestionem
1162 2211 1215 2254 ad
1235 2211 1440 2254 rationem
1467 2211 1649 2268 spectare
1676 2219 1805 2268 atque

431 2286 602 2342 exigere
631 2284 790 2336 volent,
816 2281 939 2324 facile
969 2281 1121 2323 veritas
1143 2279 1305 2336 patebit
1325 2295 1335 2321 :
1368 2293 1464 2321 nam
1488 2279 1600 2320 bona
1616 2286 1803 2328 externa,
1821 2318 1832 2330 ,

432 2362 630 2408 tanquam
679 2351 1003 2392 instrumentum
1049 2346 1280 2404 quoddam,
1321 2354 1562 2389 extremum
1609 2344 1770 2388 habent
1788 2361 1811 2397 :J

432 2419 639 2477 quicquid
670 2427 812 2460 autem
846 2415 949 2458 utile
980 2415 1052 2465 est,
1084 2415 1128 2456 in
1159 2414 1211 2469 iis
1241 2414 1367 2456 rebus
1397 2409 1806 2469 confistitsquarum

432 2488 613 2529 nimium
635 2484 857 2528 necessario
873 2492 948 2525 aut
961 2483 1076 2525 obest
1098 2482 1147 2523 iis
1167 2482 1240 2539 qui
1261 2482 1437 2533 habent,
1455 2489 1527 2523 aut
1548 2478 1654 2523 nihil
1673 2480 1800 2538 prod-

430 2557 503 2599 est.
561 2555 624 2610 At
651 2552 989 2610 unumquodque
1018 2565 1166 2592 eorum
1196 2547 1423 2599 bonorum,
1453 2563 1550 2605 quae
1581 2547 1627 2590 in
1660 2547 1804 2590 animo

431 2623 589 2673 insunt,
620 2635 708 2678 quo
737 2620 874 2676 majus
903 2628 948 2660 et
977 2617 1148 2659 uberius
1175 2617 1246 2667 est,
1270 2616 1352 2658 hoc
1372 2615 1519 2658 utilius
1539 2615 1622 2659 est:
1656 2614 1682 2655 fi
1710 2615 1802 2657 haec

429 2692 543 2732 bona
577 2704 663 2730 non
693 2688 824 2730 solum
860 2685 1043 2737 honesta,
1075 2685 1146 2726 sed
1178 2684 1307 2726 etiam
1340 2683 1462 2726 utilia
1493 2683 1603 2740 quafi
1637 2695 1801 2740 cogno-

427 2768 574 2799 mento
593 2756 778 2813 quodam
800 2755 893 2796 sunt
911 2752 1170 2810 appellanda.
1234 2754 1281 2793 In
1302 2751 1463 2794 summa
1482 2761 1623 2793 autem
1642 2752 1799 2808 perspi-

428 2841 557 2869 cuum
577 2826 646 2877 est,
670 2839 746 2867 nos
766 2823 845 2865 effe
865 2821 1068 2873 diuuros,
1096 2821 1354 2877 optimarum
1384 2818 1584 2879 cujusque
1612 2819 1673 2863 rei
1691 2820 1800 2863 affe-
